2500 3917
402 252 405 259 ’
478 244 504 293 V
523 244 655 294 118—177

144 394 268 454 Annua
282 390 442 454 nobilium
456 392 640 473 praestabat
653 391 768 455 funera
782 391 910 474 templis

79 486 129 536 150
146 472 352 556 Saturnoque
368 474 438 538 seni
453 496 569 557 pueros
584 477 745 539 mactabat
759 476 799 539 ad
814 497 894 557 aras,

143 558 266 622 Tristia
280 558 494 641 plangentum
508 558 683 622 foedabant
697 580 754 623 ora
767 562 948 642 parentum.

143 641 217 705 Hoc
232 643 285 705 uir
298 642 393 705 fortis
409 642 493 725 agis,
509 643 676 725 rapientur
690 643 813 706 uiscera
828 646 941 725 matri,

142 726 190 788 Et
203 726 289 808 perit
304 728 379 789 ante
396 726 506 789 oculos
521 726 678 809 genitoris
692 727 810 810 pignus
825 730 967 790 amatum

142 812 213 872 Aut
226 809 350 892 populo
366 812 531 891 spectante
548 810 664 873 cadet?
692 831 765 873 cum
779 810 877 874 Troia
891 811 1026 894 periret,

76 904 126 953 155
145 892 248 956 Pilius
263 892 413 955 Aeacidis
428 893 481 957 uel
496 893 615 957 uindex
629 893 773 975 Pyrrhus
789 893 928 957 Achillis

142 979 231 1039 Ante
247 976 358 1040 oeulos
371 976 493 1039 Priami
508 977 666 1060 percussit
679 982 775 1041 noete
789 977 920 1041 Politen

142 1059 230 1123 Belli
245 1061 315 1123 iure
329 1059 450 1124 furens.
480 1063 590 1124 tamen
605 1061 686 1125 ultio
703 1062 801 1146 digna
815 1061 917 1125 relata
931 1066 988 1144 est,

140 1144 158 1207 I
182 1164 216 1206 se
232 1143 466 1226 Neoptolemus
481 1144 580 1208 iacuit
593 1165 761 1227 percussus
776 1146 917 1209 adaras:

141 1166 291 1301 qualiter
305 1228 453 1310 impietas
469 1249 502 1291 se
518 1228 662 1292 uindicat
691 1230 788 1312 impie
804 1230 916 1293 uictor.

75 1322 125 1371 160
140 1308 230 1385 Quid
244 1311 357 1375 matris
366 1312 495 1457 patriae
511 1278 726 1375 uenerandam
740 1313 859 1396 polluis
874 1313 1003 1375 arcem?

137 1394 182 1458 In
199 1416 264 1477 qua
276 1398 365 1477 temp
379 1418 399 1457 a
414 1395 535 1477 sedent,
550 1395 606 1459 ubi
621 1396 755 1459 numina
769 1416 865 1477 saepe
880 1396 1002 1478 precati

137 1478 317 1561 Fleximus
333 1481 370 1541 ut
384 1500 494 1562 sospes
508 1479 635 1543 rediens
650 1482 683 1543 et
697 1480 801 1543 uictor
815 1479 851 1542 in
866 1479 962 1542 armis

138 1562 298 1645 Oaptiuos
313 1566 387 1645 pest
400 1562 486 1626 bella
499 1563 632 1627 trahens
648 1568 681 1627 ct
694 1563 827 1627 uulnere
843 1563 943 1627 lassos

136 1646 287 1709 Intrares
301 1646 453 1729 patriam,
470 1668 511 1709 ne
526 1668 641 1709 saeuus
656 1648 801 1711 uinceret
814 1646 917 1711 bostis

74 1742 123 1791 165
140 1729 206 1804 Qui
222 1730 378 1793 scandens
392 1752 502 1794 muros
517 1730 603 1794 ciues
617 1730 755 1795 laniaret
769 1731 804 1794 in
818 1732 906 1794 urbe.

137 1814 214 1877 Hoc
229 1817 349 1877 matres
363 1815 518 1898 puerique
532 1818 667 1899 rogant,
682 1815 744 1878 hoc
759 1816 830 1898 ipsa
845 1816 1001 1896 senectus,

139 1896 327 1981 Uirginitas
341 1896 404 1962 hoc
419 1903 506 1961 casta
520 1900 618 1981 petit,
635 1899 697 1962 hoc
712 1920 834 1981 pauper
849 1898 971 1961 adorat.

72 2149 243 2221 Quaestio:
267 2152 313 2215 At
326 2152 467 2232 inquies:
487 2150 543 2215 sed
556 2168 677 2233 pauper
689 2150 837 2215 inimicus
851 2148 1044 2216 insidianter
1058 2176 1089 2225 [p.
1103 2177 1137 2226 16]

275 2239 383 2321 potuit
397 2238 434 2303 (le
449 2240 550 2304 morte
565 2236 679 2304 dimtis
694 2240 847 2321 cogitare.

138 2389 177 2455 Si
190 2392 313 2474 potuit,
329 2392 469 2457 uoluisse
484 2395 571 2475 puta.
602 2413 678 2454 nam
693 2392 761 2454 uita
775 2390 916 2473 potentis

136 2474 173 2538 N
175 2496 218 2538 on
232 2475 318 2539 iacet
330 2476 455 2539 insidiis
470 2476 534 2538 nisi
549 2475 659 2539 diuitis
675 2478 770 2555 atque
784 2472 959 2555 propinqui

69 2570 124 2618 170
139 2560 211 2622 Aut
226 2564 311 2623 certe
327 2560 355 2622 si
370 2563 495 2642 sceptra
509 2560 623 2643 uigent
638 2558 697 2621 sub
712 2557 797 2640 regis
813 2556 902 2619 anari

136 2640 292 2725 Imperio
322 2642 441 2706 fortem
455 2642 587 2706 timidus
600 2640 754 2705 formidat
769 2644 801 2704 et
815 2640 940 2722 horret,

138 2724 175 2789 N
177 2747 219 2789 on
233 2726 330 2790 fortis
344 2726 463 2789 lassum
482 2726 591 2789 timuit
605 2747 665 2789 nec
680 2726 769 2793 diues
782 2728 939 2809 egentem.

138 2808 268 2881 Debilis
283 2814 316 2873 et
329 2830 452 2893 pauper
466 2810 571 2874 nudus
585 2809 751 2873 mendicus
766 2829 887 2893 egenus

140 2892 244 2967 Quem
256 2894 375 2967 macies
388 2914 537 2976 suprema
547 2897 646 2976 tenet,
663 2915 758 2976 quem
772 2892 895 2976 frangit
909 2893 1044 2974 egestas,

70 2990 125 3039 175
142 2975 240 3040 Unde
255 2998 368 3041 necem
381 2978 490 3060 potuit
504 2999 626 3061 pauper
642 2981 779 3041 mactare
794 2973 959 3060 potentis?

139 3058 236 3125 Solus
249 3061 319 3124 abit
333 3083 458 3207 pauper
471 3082 531 3125 nec
546 3083 580 3125 se
595 3062 812 3144 circumspicit
826 3064 971 3141 unquam'

135 3142 209 3207 Nec
223 3145 318 3209 timet
333 3145 396 3208 insi
420 3145 468 3208 ias
483 3166 608 3228 semper
621 3147 703 3209 bene
718 3144 864 3209 conscius
875 3143 1000 3220 insons.
1103 3156 1107 3162 ·

142 3333 193 3383 152
214 3334 379 3396 comptelae
398 3340 459 3382 nota
474 3329 615 3396 praefica}
634 3339 693 3395 post
710 3332 819 3381 uiscera
836 3333 928 3381 literae
944 3332 1045 3393 conspi-

619 3408 635 3434 n

62 3451 175 3497 ciuntur
192 3452 220 3497 tr
289 3450 339 3499 155
358 3449 463 3499 eaeidis
533 3450 581 3499 159
599 3407 725 3511 iinpietas
795 3450 844 3496 172
868 3443 972 3507 timuit]
987 3446 1044 3506 sor·

61 3524 141 3565 tasse
162 3515 271 3569 metuit.
289 3518 348 3566 uide
366 3534 390 3566 a.
411 3518 458 3565 178
