2500 3917
384 486 388 495 ¹
477 510 663 576 satisfactio
681 510 858 576 Dra-contii.

247 666 317 731 Rex
331 667 485 729 immense
500 664 578 728 deus
593 667 783 728 cunctorum
798 664 948 727 conditor
962 668 995 728 et
1009 686 1102 748 spes,

291 748 394 825 Quem
407 750 502 814 timet
512 770 607 812 omne
622 748 742 829 solum,
759 748 814 830 qui
829 748 915 831 regis
930 748 942 811 i
989 770 1006 811 e
1021 749 1153 834 polum,

248 833 359 899 Sidera
372 833 500 897 flamma
515 832 583 896 dies
597 852 694 914 quem
709 830 758 894 sol
771 852 838 895 nox
851 831 930 895 luna
958 835 1091 896 atentur

290 920 481 999 Auctorem,
505 916 671 980 dominum
687 914 812 979 saecula
827 919 943 979 cuncta
957 917 1116 999 probant:

214 1014 231 1063 o
245 1001 410 1083 Principio
426 1023 482 1064 sen
496 1002 561 1063 fine
576 1020 687 1063 carens
703 1003 735 1062 et
749 999 905 1082 temporis
920 1021 1035 1083 expers

290 1083 426 1149 Nescius
441 1083 557 1147 alterni
570 1104 631 1147 nec
646 1082 716 1146 uice
731 1082 862 1147 functus
877 1084 962 1167 agis,

249 1167 367 1232 Omnia
382 1171 569 1251 permutans
583 1166 674 1230 nullo
692 1167 856 1230 mutabilis
872 1188 953 1231 aeuo

289 1251 379 1315 Idem
394 1273 520 1334 semper
534 1251 596 1314 eris
612 1251 667 1333 qni
684 1272 716 1314 es
731 1249 827 1315 modo
843 1252 895 1314 uel
911 1252 1028 1317 fueras.

247 1335 306 1401 Nil
320 1335 411 1399 addit
425 1335 587 1418 demitque
601 1334 662 1398 tibi
676 1338 743 1397 tam
758 1334 857 1431 longa
871 1339 1032 1419 uetustas,

201 1434 232 1482 10
290 1418 408 1484 Omnia
422 1424 550 1503 tempus
564 1418 700 1500 habent,
715 1440 791 1481 nam
805 1419 865 1483 tibi
879 1422 1007 1503 tempus
1023 1421 1124 1487 abest.

249 1502 312 1579 Qui
326 1509 450 1568 mentes
465 1503 633 1567 hominum
649 1524 712 1585 qua
727 1501 776 1565 uis
790 1525 849 1585 per
863 1503 991 1585 singula
1006 1504 1098 1569 ducis

291 1587 336 1650 Et
350 1608 542 1670 quocunque
557 1588 649 1650 iubes
665 1585 777 1671 dirigis
792 1586 938 1683 ingenia,

248 1671 311 1746 Qui
329 1670 410 1733 facis
425 1672 525 1734 iratus
540 1670 687 1733 homines
703 1674 863 1734 eontrana
877 1670 960 1735 uelle

290 1753 519 1837 Propitiusque
533 1754 624 1817 iubes
641 1758 677 1817 ut
691 1755 776 1818 bona
791 1758 907 1818 cuncte
921 1759 1047 1839 gerant.

200 1852 231 1900 15
248 1836 406 1921 Quicquid
434 1841 536 1922 agunt
565 1838 727 1921 homines,
753 1840 840 1903 bona
864 1839 971 1903 tristia
994 1861 1153 1923 prospera

893 1944 994 2005 praua

289 2004 362 2070 Hoc
376 2006 446 2070 fieri
461 2006 648 2069 ammittunt
661 2006 709 2069 ira
723 2004 879 2089 fauorque
895 2006 962 2070 dei:
1000 1973 1009 2006 '

247 2087 320 2153 Hoc
335 2093 391 2152 tua
404 2090 503 2152 uerba
517 2090 656 2171 probant
669 2088 781 2154 Moseo
797 2089 881 2154 dieta
895 2090 1091 2175 prophetae,

292 2170 385 2247 Quod
400 2173 572 2235 duraturus
588 2194 644 2236 cor
657 2172 836 2237 Pharaonis
852 2195 931 2237 eras.

249 2253 302 2319 Sic
315 2276 388 2318 mea
403 2256 499 2319 eorda
513 2255 590 2320 deus
604 2261 717 2320 nostro
731 2262 884 2340 peccante
899 2261 990 2322 reatu

200 2352 234 2401 20
291 2339 458 2423 Temporis
473 2339 636 2404 immodici
651 2342 744 2424 pellit
759 2342 799 2404 ad
816 2342 944 2424 illicita,

88 2444 186 2500 furer
248 2422 296 2489 Ut
334 2424 367 2487 ui
381 2423 465 2487 facta
480 2424 595 2488 ducum
610 2446 737 2507 possem
752 2446 880 2489 narrare
896 2447 1057 2510 meorum,

291 2446 443 2572 idominis
457 2507 618 2593 Asdingui
633 2509 718 2573 bella
732 2509 983 2593 triumphigera,

143 2653 146 2657 .
249 2590 344 2655 Unde
359 2592 440 2654 mihi
452 2613 575 2656 merces
589 2597 698 2675 posset
713 2614 785 2657 eum
800 2592 893 2657 laude
908 2594 1021 2657 salutis

292 2673 426 2737 Munere
441 2677 606 2758 regnantis
621 2697 738 2773 magna
752 2677 863 2741 uenire
879 2676 991 2759 simul,

200 2770 233 2821 25
248 2757 395 2822 Praemia
409 2757 604 2840 despicerem
618 2761 724 2825 tacitis
739 2763 790 2824 tot
803 2761 933 2845 regibus
949 2761 1057 2843 almis,

292 2840 339 2907 Ut
352 2846 493 2925 peterem
508 2844 614 2906 subito
631 2849 717 2908 certa
730 2844 850 2927 pericla
863 2845 969 2908 miser.

251 2926 329 3003 Quis
343 2926 408 2991 nisi
423 2926 551 2990 caelesti
566 2926 696 2991 demens
712 2928 895 3012 compulsus
910 2929 950 2992 ab
965 2928 1015 2992 ira

292 3015 417 3095 Aspera
431 3015 546 3075 cuncta
559 3014 663 3094 petat,
678 3034 833 3095 prospera
848 3017 963 3076 cuncta
977 3012 1116 3097 neget?-

253 3169 342 3229 incipit
359 3168 455 3217 codicis
470 3166 592 3215 Uaticani
604 3166 652 3226 sol.
673 3168 739 3215 1430
755 3169 809 3215 eine
827 3168 910 3217 indice
981 3168 994 3215 1
1014 3162 1049 3217 dc
1065 3164 1070 3229 Ι
1087 3182 1155 3217 con-

186 3230 274 3281 dictor
291 3248 361 3283 corr.
377 3235 506 3283 Areualae
558 3234 589 3282 15
607 3232 746 3297 Quidquid
764 3234 884 3284 sirmond
901 3241 927 3283 et
945 3235 1074 3285 Areuaiue
1091 3250 1155 3285 con-

186 3298 262 3361 feres
283 3300 430 3349 quenalem
448 3300 464 3349 I
480 3304 515 3349 85
583 3301 615 3348 16
639 3300 788 3350 admittunt
809 3302 938 3351 Areualuo
956 3300 960 3360 Ι
981 3304 1063 3353 fabor
1080 3318 1154 3352 corr.

187 3367 317 3417 Areualue
385 3369 415 3415 21
436 3364 508 3431 qui]i
524 3368 551 3415 irc
568 3382 661 3416 recuro
678 3369 799 3429 ampliore
868 3370 901 3418 25
919 3368 1049 3420 Proemia
1120 3370 1156 3417 26

186 3435 225 3483 Et
241 3436 320 3547 ecdqe
344 3435 377 3545 inl
390 3448 484 3481 rasura
505 3436 657 3482 recentiore.
699 3436 800 3484 uidetur
818 3435 900 3497 fuisse
922 3450 940 3484 u
1009 3438 1044 3487 28
1066 3440 1158 3501 negat

188 3516 257 3550 corr.
304 3514 407 3547 reuoca
