2500 3917
161 185 203 249 56
507 184 787 237 naamasamua

71 354 105 402 ua
118 348 210 404 211136
224 335 377 401 Nominis
390 334 547 399 inuidiam
561 336 662 399 uestri
676 355 735 418 per
749 333 884 399 flumina
897 356 1011 399 manes

224 419 412 505 Exagitant,
428 442 486 484 sua
499 420 571 483 iura
584 438 683 503 neges
699 418 786 502 quod
799 422 903 483 morte
918 420 1110 503 peremptis,

225 504 472 587 Patroclumque
486 506 601 567 tenent
614 525 711 587 quern
731 524 792 567 nec
814 502 1028 651 conprendere
1043 524 1138 586 cym-

894 609 947 651 am

224 672 423 735 Permittunt
433 671 498 734 nisi
508 672 632 755 primus
643 694 743 755 aquas
754 671 987 737 transcenderit
992 668 1135 735 Hector.

224 755 269 820 Et
282 755 408 819 nullum
422 777 496 839 pars
509 758 621 820 nostra
635 756 713 820 sinit
727 756 865 819 transire
879 777 937 839 per
952 754 1057 819 undas

162 852 212 901 140
226 843 275 904 Ac
290 844 408 904 sortem
423 840 561 905 retinere
575 861 666 904 suam
681 840 745 904 nisi
759 841 821 904 rite
836 838 1019 923 sepultum!

67 989 157 1043 mauu·
226 989 345 1055 Desine
360 991 554 1074 bellipotens
568 990 693 1055 animos
708 992 847 1057 retinere
861 990 993 1073 feroces,

83 1050 138 1092 ω’
225 1073 301 1136 Dux
315 1074 379 1137 iras
395 1074 527 1159 depone,
542 1096 667 1159 precor.
690 1097 758 1139 non
772 1075 890 1139 sentiet
903 1073 1034 1155 Hector,

225 1156 388 1240 Quidquid
402 1158 437 1222 in
451 1159 544 1223 hoste
558 1160 650 1243 suris,
664 1159 805 1223 lacerum
823 1158 964 1223 tenuisse
979 1159 1136 1223 cadauer.

225 1239 427 1324 Supplicium
441 1264 510 1307 non
520 1243 642 1309 Hector
655 1244 754 1307 habet
767 1242 823 1307 sed
836 1264 942 1326 poena
953 1242 1137 1329 Pelasgum

163 1338 213 1387 145
228 1323 381 1390 Seruatur
395 1348 453 1411 per
468 1332 571 1392 castra
584 1328 664 1410 tuis,
680 1326 755 1391 dum
770 1327 885 1391 funera
900 1327 1005 1410 punis.

225 1412 351 1474 Aeacus
366 1411 532 1494 inuidiam,
547 1433 640 1476 carm
654 1415 816 1477 tormenta
830 1410 998 1475 Patroclus

225 1492 371 1558 Sustinet
385 1499 418 1558 et
431 1498 530 1559 uestri
545 1517 668 1580 poenas
683 1495 744 1559 luit
757 1495 812 1559 ille
828 1495 958 1560 doloris.

224 1576 287 1640 Uel
302 1577 443 1641 medium
458 1579 605 1662 Priamo,
621 1600 791 1665 generose,
806 1579 943 1645 refunde
958 1578 1112 1662 cadauer,

223 1659 256 1724 N
257 1682 309 1723 am
323 1665 448 1743 partem
463 1666 605 1726 tractura
619 1668 718 1730 tenet.
741 1665 768 1728 si
782 1663 914 1728 reddere
929 1684 1047 1747 corpus

161 1756 212 1807 150
226 1743 271 1808 Et
284 1744 407 1808 laceros
421 1750 510 1809 artus
524 1751 649 1830 tempta
662 1749 781 1831 pietate
796 1748 941 1833 negabis,

222 1827 319 1893 Exiet
333 1827 560 1895 Andromache
574 1853 686 1896 socero
703 1834 878 1897 comitante
893 1853 952 1915 per
967 1851 1064 1914 agros

223 1914 423 1997 Astyanacta
436 1915 568 1980 trahens
583 1938 647 1999 qua
660 1916 769 1981 tritior
783 1916 889 1981 orbita
902 1917 1065 1979 monstrat

223 1996 268 2061 ut
281 1998 312 2062 le
335 2002 369 2062 et
382 1999 496 2063 infelix
511 2001 647 2084 dispersi
660 2001 804 2065 membra
817 2000 926 2064 mariti

223 2079 325 2163 Uepn
348 2104 385 2144 us
401 2104 418 2146 e
433 2083 556 2167 mediis,
572 2106 685 2168 rupem
700 2085 867 2169 complexa
882 2085 1049 2149 cruentam

160 2176 209 2225 155
225 2162 343 2227 Oscula
356 2165 421 2228 fixa
436 2166 525 2231 dabit
539 2168 649 2232 dicens
665 2168 703 2233 de
718 2190 798 2253 rupe
812 2168 964 2234 maritum

222 2284 264 2293 -
278 2247 318 2311 In
333 2270 397 2332 qua
417 2252 548 2337 sanguis
563 2253 625 2316 erit
645 2272 759 2337 rupem
779 2256 879 2350 uocat·
888 2252 1030 2316 Hectora
1051 2270 1145 2315 oon-

870 2360 926 2401 1ux
940 2371 982 2383 -

221 2416 266 2480 Et
279 2438 416 2501 puerum
430 2419 611 2485 miseranda
626 2421 719 2485 docet
733 2439 775 2484 ne
791 2420 892 2485 calcet
906 2441 1019 2484 arenas

70 2517 104 2566 [a
117 2518 151 2566 u]
223 2500 341 2566 Infecit
355 2524 434 2585 quas
448 2503 533 2568 forte
548 2526 657 2588 cruor,
672 2505 863 2589 tardumque
877 2525 936 2587 per
950 2504 1047 2568 horas

220 2583 396 2667 Exspectat
431 2607 587 2653 socerum.
636 2588 691 2653 sed
726 2610 794 2653 non
826 2592 953 2736 uaplat:b
974 2587 1145 2671 exprimit

898 2694 933 2737 er
955 2694 990 2736 as

159 2764 209 2816 160
225 2750 310 2826 Quas
324 2752 470 2816 rubuisse
485 2753 583 2819 uidet.
611 2755 675 2820 hoc
689 2757 759 2821 nati
773 2757 916 2821 uultibus
931 2756 1019 2821 addit

221 2835 268 2902 Ut
281 2840 407 2920 patrem
422 2837 504 2901 ferat
520 2860 574 2903 ore
588 2860 678 2922 puer.
702 2840 855 2905 suadente
870 2840 981 2905 dolore

221 2922 297 3005 Ipsa
312 2921 373 2986 sibi
388 2921 519 2986 demens
534 2926 704 3007 extorquet
718 2928 755 2988 ut
769 2924 911 2989 Hectora
924 2924 1032 2989 credat

222 3009 420 3090 Astyanacta
435 3027 537 3072 suum.
567 3007 697 3073 Priamo
712 3012 822 3073 tamen
835 3008 985 3073 Hectoris
1001 3028 1079 3072 ossa

225 3258 274 3308 185
297 3260 405 3311 inuidia
475 3263 524 3313 136
542 3264 621 3328 negio
691 3267 739 3315 144
764 3264 924 3330 Supplicem
994 3260 1142 3332 145851-

156 3327 256 3376 uantur
326 3328 374 3377 146
391 3328 484 3379 anus
511 3328 515 3393 Ι
539 3330 647 3380 inuidia
664 3348 732 3386 corr.
750 3331 847 3383 Baeclr.
917 3332 964 3382 151
984 3332 1141 3389 comtante

191 3393 239 3442 152
258 3392 422 3444 Aetiauaota
437 3393 442 3458 Ι
457 3397 564 3446 tristior
580 3413 649 3452 corr.
667 3397 763 3449 Bacch.
822 3401 870 3450 153
888 3397 1004 3448 infoelix
1078 3402 1144 3456 164

156 3465 186 3509 et
202 3457 301 3507 mediis
366 3461 413 3508 157
431 3462 594 3513 maceranda
611 3462 616 3528 Ι
632 3464 751 3516 harenas
822 3468 869 3517 161
889 3470 969 3530 patre
