2500 3917
488 214 526 264 vr
544 215 656 265 εει-19
1011 216 1054 281 23

136 360 210 425 Uix
227 382 266 425 ea
280 360 367 425 fatus
380 383 482 443 eram,
497 362 605 427 subito
620 363 713 427 uenit
727 364 829 448 aliger
843 366 939 449 ignis,

139 449 207 509 Ore
224 446 349 509 micans
364 467 402 509 ac
416 445 526 510 fronte
541 447 652 511 minax
667 452 701 512 et
715 448 803 512 crine
819 471 990 513 coruscans

136 528 300 613 Impubes
314 530 456 595 lasciuus
471 534 541 595 erat
554 532 607 595 cui
620 536 727 596 castra
740 532 901 616 uoluptas.

83 628 123 675 60
138 613 219 678 Ibat
235 614 271 677 in
288 615 481 699 obsequium
495 616 589 698 risus,
605 617 826 700 complexibus
842 617 977 681 haerens
1064 622 1087 675 11³
1105 621 1140 674 ²⁴1

138 698 236 763 Iusta
251 698 353 763 libido
369 700 437 763 coit
450 700 543 763 uenit
556 704 590 764 et
604 699 770 764 moderata
784 700 944 785 uoluptas,

141 780 293 847 Candida
307 784 471 868 legitimas
486 784 665 849 accendens
680 785 785 868 gratia
798 785 907 848 medas

142 866 307 950 Occurrit,
323 869 416 932 uenit
429 868 516 931 alma
530 868 608 931 fides
623 869 804 951 petulantia
818 868 962 952 simplex,

142 949 246 1015 Casta
260 952 418 1035 pudicitia
431 952 578 1035 procedit
592 957 700 1016 mente
716 953 834 1035 quieta,

84 1047 125 1097 65
144 1033 316 1101 Sobrietas
330 1058 390 1120 per
405 1040 521 1100 cuncta
536 1036 617 1121 uigil
632 1036 750 1100 deuota
764 1036 907 1100 cucurrit

141 1118 190 1183 Et
205 1119 365 1204 quidquid
379 1122 482 1185 iustos
497 1120 592 1185 solite
609 1122 781 1185 comitatur
795 1142 930 1185 amores.

141 1203 247 1267 Liber
261 1205 443 1287 pampineis
458 1209 592 1268 ornatus
607 1205 715 1269 fronte
731 1206 891 1287 corymbis

141 1286 256 1352 Intrat
271 1292 304 1352 et
319 1288 462 1353 uuiferos
478 1290 588 1352 uibrat
601 1310 698 1370 super
712 1311 732 1352 a
791 1290 797 1301 '
825 1311 843 1350 a
857 1288 996 1370 thyrsos,

143 1370 221 1435 Pan
238 1371 370 1436 calamis
384 1374 521 1456 perflare
536 1372 640 1437 melos
654 1372 740 1436 Bacc
764 1393 864 1454 aeque
878 1372 979 1435 rotari

88 1468 127 1517 70
144 1454 261 1521 Sileno
277 1456 416 1520 saltante
454 1456 562 1521 lacent
575 1456 777 1540 populosque
791 1476 921 1518 mouere

141 1540 187 1603 In
201 1539 410 1605 fescenninos
424 1478 573 1604 itemitus
590 1545 622 1603 et
636 1540 755 1625 gaudia
768 1538 896 1602 mentis.

142 1624 267 1687 Adfuit
281 1625 406 1688 interea
421 1624 536 1707 Cypria
551 1625 707 1688 subuecta
721 1624 888 1705 columbis,

143 1710 298 1791 Apparet
312 1709 351 1772 de
366 1714 459 1791 parte
473 1708 543 1792 poli
558 1730 622 1792 qua
636 1710 803 1772 flammeus
817 1708 886 1771 axis

145 1790 307 1856 Uoluitur
321 1794 471 1857 australis
487 1793 692 1857 conlustrans
706 1792 844 1856 cardinis
860 1813 949 1855 oras:

90 1888 125 1937 75
145 1875 270 1941 Florea
283 1899 463 1959 purpureas
478 1878 664 1941 retinebant
677 1877 771 1940 frena
785 1876 949 1939 columbas

143 1960 193 2024 Et
207 1982 284 2025 rosa
296 1961 491 2025 blandifluas
507 1961 644 2024 rutilans
658 1961 807 2023 nectebat
822 1960 952 2040 abenas,

143 2044 236 2109 Lilia
250 2050 328 2110 sunt
342 2047 465 2110 inserta
478 2046 572 2127 rosis,
587 2045 665 2128 iuga
679 2042 815 2126 pulchra
828 2042 997 2105 uolucrum

144 2127 294 2193 Uerbere
309 2152 474 2213 purpureo
490 2128 606 2213 Cypris
620 2129 711 2192 iubet
724 2128 780 2208 ire,
796 2126 913 2210 iugalis

144 2212 303 2311 Remigat
316 2216 468 2279 ammotis
483 2214 659 2298 pinnarum
672 2212 837 2295 plausibus
852 2210 927 2273 ales.

88 2308 126 2357 80
146 2296 285 2362 Moema
298 2300 441 2382 respexit
456 2297 663 2382 Carthaginis
677 2297 762 2359 alma
776 2294 928 2377 Cythera:

146 2380 249 2445 ‘Illo'
267 2382 349 2446 dixit
364 2389 459 2445 ‘aues
475 2382 654 2445 conuertite
668 2380 787 2443 mando
801 2377 938 2457 uolatus,

144 2462 441 2531 Uictoris-soboles
455 2466 545 2530 felici
559 2469 646 2529 sorte
661 2466 823 2547 iugantur,

143 2548 224 2613 Illic
237 2572 320 2633 pura
333 2550 413 2614 fides
427 2551 495 2614 illic
509 2549 683 2633 prudentia
696 2545 841 2628 simplex,

145 2632 310 2721 Coniugis
325 2636 362 2699 in
377 2635 501 2719 gremio
516 2635 630 2718 pietas,
645 2633 715 2695 sine
729 2627 841 2693 fraude
855 2628 1017 2710 uoluntas,

87 2728 125 2776 85
146 2716 184 2781 N
185 2738 233 2781 011
247 2718 294 2783 ibi
308 2720 396 2783 liuor
411 2718 501 2801 edax,
516 2740 584 2783 non
600 2720 650 2781 est
663 2717 748 2780 elata
761 2716 903 2798 potestas
940 2776 945 2787 ,

142 2800 286 2868 Priuato
301 2804 362 2869 sub
376 2824 467 2867 more
481 2823 597 2888 gerens
612 2822 671 2865 sua
684 2802 755 2863 iura
769 2797 911 2862 modeste

145 2884 241 2960 Quae
256 2888 403 2952 mercede
419 2908 478 2950 sna
491 2886 611 2950 multos
626 2883 795 2949 coniunxit
810 2884 950 2966 egentes

142 2969 241 3035 Haec
255 2972 370 3056 inopes
385 2974 497 3036 dotare
512 2970 595 3035 solet
609 2969 663 3033 uel
676 2988 806 3051 pascere
821 2985 940 3049 egenos

142 3054 294 3139 Legibus
310 3061 343 3121 et
357 3056 478 3121 nostris
493 3055 595 3119 nudas
609 3054 729 3117 uestire
743 3050 894 3135 puellas!

148 3228 186 3277 60
208 3227 382 3291 amplexibus
400 3244 469 3279 corr.
484 3226 581 3276 Bacch.
651 3226 684 3273 62
703 3222 840 3272 accedens
908 3220 942 3269 67
960 3220 1059 3270 corim-

67 3290 116 3342 bis
188 3294 225 3343 68
244 3300 337 3359 tyrsos
401 3298 434 3345 69
453 3294 544 3359 potari
562 3309 631 3343 coru.
648 3291 745 3343 Bacch.
809 3292 842 3339 70
860 3288 982 3352 placent]
1001 3304 1059 3337 cor·

68 3368 193 3422 mptum.
232 3366 347 3413 conicias
373 3368 476 3427 parant
572 3364 604 3411 78
630 3358 739 3422 iugales
761 3372 830 3407 corr.
852 3356 950 3405 Baeclr.
1025 3356 1058 3405 80

68 3424 209 3494 Cythera
256 3431 288 3479 81
308 3431 466 3481 conuertite
483 3428 677 3493 repetitumaed
690 3429 893 3489 expunctumert
951 3422 986 3471 81
1004 3422 1059 3481 Qui

67 3509 150 3543 corr.
173 3497 276 3547 Bacch.
