2500 3917
506 208 532 258 v
550 210 633 260 1-55
941 231 947 239 ·
1010 218 1048 280 11

144 352 308 418 Hostibus
323 355 496 419 obstrietus
510 356 632 439 patriae
647 357 685 421 de
701 359 790 423 clade
804 363 922 443 pacisci
1063 385 1095 433 [r.
1108 386 1143 434 ιι]
1234 355 1235 420 Ῠ

147 436 243 503 Clam
257 439 366 522 potuit
381 440 438 521 qui
452 461 547 504 saeua
561 444 667 525 parat,
684 443 740 526 qui
754 444 838 508 oolla
851 450 1027 533 propinqui
1234 451 1235 456 ’

92 534 126 583 25
144 521 238 587 Ciuis
254 526 288 586 et
301 523 440 587 insontis
454 524 570 587 nititur
583 528 732 590 truncare
748 534 907 595 eruentus.

145 606 354 671 Perdidimus
371 628 578 690 quoscunque
592 610 696 691 uiros,
711 610 795 675 forte
810 614 870 678 iste
885 619 1022 683 necauit.

147 689 294 755 Classica
309 689 386 753 dum
401 691 536 755 reboant
550 696 582 755 et
596 691 715 758 Martia
730 696 795 759 tela
808 698 979 785 pluuntur,

141 773 237 837 Inter
250 774 388 839 ferratas
403 775 487 838 acies
501 774 663 859 lituosque
678 784 830 845 sonantes

144 856 274 921 Obuius
290 862 413 922 armato
428 858 540 923 iuueni
554 860 581 923 si
596 862 677 925 ciuis
692 863 829 947 adesset,

91 953 125 1002 30
143 940 232 1017 Quid
246 942 370 1005 faceret
384 943 440 1024 qui
454 942 490 1005 in
503 964 582 1025 paoe
596 944 692 1027 furit,
708 948 764 1030 qui
779 950 925 1032 turpibus
940 953 1040 1019 instat

141 1025 308 1089 Mortibus
323 1027 503 1109 insontum,
520 1028 574 1109 qui
590 1027 705 1093 funera
717 1053 828 1113 pressa
842 1035 1019 1102 reformat?

142 1108 276 1174 Seruati
292 1110 373 1173 ciuis
387 1132 474 1173 nuno
489 1115 565 1174 sunt
579 1113 635 1176 ubi
649 1117 792 1195 praemia
807 1121 965 1200 quereus?

114 1249 121 1255 .
140 1192 283 1257 Reddite
298 1194 400 1275 bella,
416 1193 525 1276 duces,
540 1195 686 1260 inimicas
701 1199 824 1264 reddite
838 1208 965 1287 genteS‚

140 1276 311 1341 Barbarus
328 1278 432 1341 omnis
447 1283 513 1361 eat,
528 1280 658 1361 rapiant
673 1283 768 1345 simul
783 1306 871 1348 arma
886 1286 1009 1353 Sueuus

88 1374 121 1423 35
138 1361 292 1426 Sarmata
304 1360 403 1425 Persa
412 1362 539 1426 Gothus
546 1364 747 1429 Alamannus
759 1366 901 1432 Francus
910 1372 1044 1459 Alanus,

138 1444 209 1510 Uel
223 1466 435 1529 quaecunque
452 1446 554 1509 latent
568 1452 680 1531 gentes
695 1450 860 1532 Aquilone
873 1460 1030 1541 remotae,

136 1530 183 1593 In
193 1550 254 1593 nos
263 1530 330 1592 tela
340 1533 468 1612 parent:
486 1532 593 1594 minor
610 1536 658 1595 est
669 1554 780 1615 pauor,
796 1536 920 1601 aduena
930 1560 1044 1625 eampo

138 1613 284 1678 Prodest
299 1616 456 1694 armatus,
471 1615 570 1677 muris
586 1637 713 1681 seruare
728 1619 864 1682 salutem

140 1696 180 1762 Si
194 1719 337 1781 nequeas
354 1717 499 1781 pugnare
514 1698 599 1762 licet.
631 1721 702 1763 cum
718 1702 788 1766 ciue
803 1726 861 1786 per
875 1707 988 1771 urbem

86 1794 121 1842 40
136 1781 260 1845 Infelix
276 1781 354 1864 quid
369 1781 449 1845 ciuis
465 1786 540 1865 agat
545 1832 554 1863 ‚
571 1784 648 1866 quid
662 1790 756 1849 noote
772 1788 886 1870 dieque

112 1924 117 1929 .
138 1865 275 1929 Moenia
290 1870 396 1929 rostra
410 1865 517 1930 forum
532 1868 684 1949 capitolia
698 1871 818 1953 templa
832 1879 965 1954 penates

136 1950 325 2013 Inlustrans
342 1953 374 2013 et
388 1949 465 2013 fana
480 1950 574 2014 simul
590 1950 722 2015 delubra
736 1954 863 2019 theatra

138 2033 327 2099 Circumeat
342 2056 415 2097 oum
430 2034 500 2097 uiuo
515 2035 616 2118 malo,
635 2058 707 2099 oum
722 2037 791 2100 uiue
810 2042 968 2105 cruento?

135 2116 259 2181 Nullus
275 2118 316 2181 ab
332 2118 456 2181 insidiis
471 2119 560 2183 loous
576 2123 624 2184 est
642 2121 697 2204 qui
712 2121 823 2185 fraude
839 2127 974 2192 uocabit.

86 2215 119 2262 45
133 2201 231 2265 Adde
247 2202 336 2285 quod
350 2202 451 2265 iratus
467 2204 571 2267 uictor
585 2225 658 2267 oum
673 2206 744 2289 lege
759 2208 902 2272 minatur

133 2286 184 2349 Et
197 2286 283 2351 lator
296 2286 379 2371 legis
395 2287 502 2350 ciuilia
516 2288 587 2351 iura
600 2289 742 2372 repellit,

134 2369 187 2433 Ut
200 2370 309 2453 legem
323 2374 449 2452 premat
463 2371 531 2453 ipse
546 2394 638 2435 suam
653 2395 749 2455 quam
764 2381 913 2440 sanxerat
927 2384 1002 2443 ante

135 2453 227 2517 Dum
244 2454 351 2519 uictor
365 2458 440 2536 post
453 2455 539 2518 bella
552 2456 649 2537 redit,
669 2477 742 2519 oum
756 2459 847 2521 testis
863 2460 970 2545 imago

134 2536 314 2601 Formatur
329 2538 458 2601 uirtutis
473 2539 577 2602 honos
592 2542 625 2601 et
640 2539 745 2623 gloria
759 2543 864 2625 campi
869 2593 879 2626 ,

88 2633 120 2681 55
134 2621 320 2685 Laetantur
334 2622 443 2701 mites,
459 2623 619 2703 gaudebat
638 2624 733 2687 turba
748 2647 876 2690 reorum

132 2705 184 2769 Et
196 2706 330 2769 ueniam
345 2705 497 2767 meruisse
511 2710 636 2787 putant.
668 2709 740 2790 quis
754 2710 835 2774 ciuis
852 2714 977 2795 asylum

134 2787 259 2854 Credat
273 2788 309 2853 in
326 2809 397 2851 aros
413 2788 535 2852 micans
549 2789 732 2855 insontibus
748 2815 816 2857 esse
830 2798 1011 2878 periclum?
1057 2815 1137 2863 [rr-1²]

132 2906 268 2989 Pauper
282 2906 375 2970 adest
388 2906 587 2969 miserandus
607 2908 701 2992 inops
717 2912 772 2974 sed
787 2913 867 2977 oiuis
887 2913 1042 2979 honestus
1052 2928 1136 2973 Narra·

133 2989 274 3073 Semper
290 3010 390 3074 egens
404 2990 535 3053 humilis
551 2990 667 3075 dignus
683 3016 778 3076 quem
793 2994 882 3059 diues
897 3002 1028 3081 amaret,
1076 2981 1113 3024 ‘¹⁰

85 3088 114 3134 55
130 3072 236 3139 Cuius
251 3074 287 3138 in
303 3064 458 3156 obsequio
473 3072 623 3139 famulari
638 3083 747 3159 posset
761 3079 924 3163 alumnus,

1007 2430 1017 2464 7

135 3214 172 3262 23
192 3211 340 3261 obstrutus
360 3226 428 3261 corr.
447 3210 543 3261 Buect.
601 3214 636 3261 26
652 3214 739 3262 fortes
796 3218 829 3264 32
848 3219 954 3281 premia
1010 3225 1043 3273 35

70 3277 194 3327 Gotthus
275 3279 308 3328 38
327 3278 467 3327 Producat
488 3280 575 3328 uersui
596 3282 718 3341 praefixa
740 3290 779 3330 est
801 3291 964 3348 corruptelae
982 3295 1044 3339 uota

70 3346 102 3393 41
121 3350 263 3409 poenates
315 3347 348 3394 42
367 3344 519 3395 Inlustrant
537 3360 605 3393 corr.
625 3345 721 3395 Bueelu
775 3350 808 3398 47
827 3352 889 3415 ipsa
942 3356 975 3404 50
994 3357 1043 3403 mi-

72 3409 123 3475 tes]
142 3413 249 3462 maesti
261 3414 340 3463 uoluit
353 3411 449 3460 Buect.
501 3415 534 3461 55
552 3412 647 3460 Turba
665 3415 844 3476 superborum
861 3420 888 3467 in
900 3421 972 3470 initio
985 3437 1042 3470 uer·

73 3492 114 3527 sur
129 3482 239 3543 scripta
255 3482 328 3529 arides
346 3479 394 3527 sod
410 3486 539 3542 expuncto
555 3475 559 3543 1
576 3476 653 3527 Ciuis
670 3496 740 3530 corr.
758 3481 855 3533 Buerb.
