2500 3917
526 243 551 292 x
568 245 703 295 cet-549
1056 243 1095 307 ῃ

198 392 313 457 Uritur
327 393 396 475 ipse
410 390 525 457 Creon.
554 412 653 475 rogus
669 396 717 456 est
731 412 804 454 mox
819 392 893 455 aula
906 392 1046 475 tyranni.

196 477 384 561 Diffugiunt
398 497 511 540 omnes
524 476 639 558 populi
653 476 792 541 conuiua
805 476 960 556 ministri,

199 560 382 626 Saltantnm
396 560 509 644 fugere
524 560 623 625 chori.
653 582 731 623 nam
745 558 828 623 festa
842 564 993 624 canentes

200 646 351 709 Ambusti
366 645 507 708 lumenta
520 648 639 708 sonant
653 665 713 707 nec
729 648 743 708 t
796 666 883 726 pana
895 644 1009 727 plausu

124 741 186 791 cat
197 729 402 811 Percutinnt,
417 728 472 792 sed
486 728 582 792 turba
596 749 728 812 gemens
742 664 819 791 iilic
833 727 908 791 inde
922 728 1059 793 lacertos

197 812 356 877 Uerberat
371 814 403 876 et
416 813 529 876 flentes
544 812 599 876 sed
613 834 682 878 non
697 833 754 875 sua
768 811 883 875 funera
896 812 1066 896 plangunt.

198 896 311 962 Stabat
326 896 396 960 sola
409 916 530 960 nocens
545 895 681 960 necdum
696 896 811 960 satiata
826 896 971 961 sacerdos

197 980 230 1045 N
231 1002 267 1045 ec
282 1002 393 1045 secura
406 984 531 1044 tamen:
553 984 730 1063 numquam
745 980 790 1043 sic
804 1000 898 1062 posse
913 1001 1038 1044 uenena

199 1064 342 1129 Credidit
356 1068 412 1129 aut
425 1065 573 1146 precibus
587 1068 715 1129 tantum
730 1065 849 1127 seruire
864 1063 1010 1129 furores(

129 1162 188 1211 530
199 1147 261 1213 Sed
274 1152 447 1232 postquam
461 1148 548 1213 solos
564 1169 643 1231 quos
658 1147 795 1212 iusserat
808 1148 893 1232 ignis
908 1147 1043 1233 adussit,

198 1233 289 1296 Tunc
303 1237 399 1297 natos
412 1232 589 1296 furibunda
608 1233 736 1315 premit.
765 1253 841 1295 nam
855 1230 1033 1297 Mermerus
1047 1232 1094 1296 in·

842 1336 917 1379 sons

197 1400 242 1463 Et
255 1399 390 1464 Feretns
403 1403 539 1465 matrem
552 1399 672 1463 blanda
686 1400 805 1482 pietate
822 1400 991 1463 uocabant.

197 1482 245 1548 Ut
258 1485 403 1548 flammas
417 1485 521 1548 uitare
537 1486 671 1567 queant,
687 1483 826 1547 infantia
841 1481 976 1565 simplex

198 1568 326 1632 Affectu
340 1568 424 1651 petit
436 1568 507 1651 ipsa
520 1589 632 1631 necem
647 1568 700 1631 uel
715 1570 829 1650 sponte
844 1566 963 1650 pericla

127 1664 185 1713 535
198 1651 331 1728 Quaerit
345 1653 454 1735 inope,
470 1674 601 1735 passura
616 1672 726 1715 necem
742 1671 896 1716 mucrone
911 1652 1067 1734 parentis,

196 1736 308 1883 {gnari
323 1758 405 1819 quae
419 1740 522 1800 mater
536 1740 604 1799 erat
619 1735 696 1819 quid
711 1757 808 1799 saeua
820 1739 959 1818 pararet.

225 1841 287 1883 unc
293 1821 440 1905 genetrix
448 1819 622 1884 furibunda
628 1842 759 1883 manum
765 1819 932 1902 suspendit
943 1823 975 1883 et
987 1841 1095 1884 ensem

197 1906 246 1967 Ac
260 1903 361 1967 satur:
385 1902 458 1968 ‘Sol
472 1904 564 1968 testis
579 1925 674 1986 auus,
690 1902 746 1968 Sol
760 1902 887 1967 Persice
903 1902 1040 1986 Mithra,

197 1988 290 2051 Luna
306 1988 401 2051 decus
415 1989 537 2070 noctis,
552 1987 683 2069 Furiae,
699 1986 908 2069 Proserpina,
924 1985 1059 2049 Pluton:

129 2083 187 2132 540
197 2072 318 2154 Accipe
334 2070 390 2136 Sol
405 2072 533 2136 radians
547 2072 686 2153 animas,
701 2073 737 2134 tu
753 2091 888 2153 corpora
902 2068 995 2133 Luna

198 2155 406 2219 Nutrimenta
420 2156 562 2239 animae,
576 2154 685 2218 fundit
699 2176 795 2237 quem
809 2175 920 2217 mucro
937 2174 1081 2219 cruorem

198 2238 321 2304 Sumite
336 2261 395 2303 uos
409 2238 541 2322 Furiae,
556 2239 662 2303 noctis
678 2260 734 2302 rex
752 2239 860 2334 exigat
873 2238 1012 2302 umbras.
1110 2251 1142 2299 [r.
1156 2249 1190 2299 ⁹⁵]

197 2322 337 2407 Spiritus
352 2325 387 2387 in
402 2327 518 2387 uentos
582 2324 660 2387 satis
676 2324 724 2385 est
738 2344 869 2405 punisse
883 2326 1037 2386 nocentes

198 2406 412 2490 Insontesque
428 2408 532 2472 simul.
562 2406 696 2471 miseros
711 2405 773 2469 hoc
788 2426 864 2469 ense
878 2405 1000 2469 necabo

130 2502 187 2551 545
200 2489 270 2566 Quo
287 2492 416 2575 genitor
428 2491 592 2555 feriendus
606 2495 690 2573 erat,
704 2489 788 2553 nihil
802 2489 873 2571 ipsa
888 2487 1003 2553 dolebo

199 2573 235 2638 Si
249 2576 378 2660 ingrata
392 2577 521 2639 maneat
534 2575 643 2639 nullus
658 2574 696 2637 de
712 2577 808 2657 gente
823 2575 1010 2655 superstes!

197 2658 288 2722 Haec
302 2660 348 2723 ait
362 2663 395 2723 et
409 2660 555 2743 geminos
570 2681 635 2723 uno
651 2658 747 2722 simul
761 2679 836 2721 ense
851 2678 991 2721 nouerca

200 2742 372 2827 transegit
385 2765 511 2826 pueros.
539 2765 619 2826 quos
635 2744 680 2806 sic
694 2740 844 2825 portabat
858 2740 898 2806 ad
914 2762 1019 2806 arcem
1038 2777 1076 2787 -·

198 2822 245 2889 Ut
259 2848 407 2910 proceres
422 2828 530 2891 uidere
545 2827 651 2910 nesae,
670 2828 804 2891 timuere
820 2829 985 2890 cruentam

204 3016 253 3064 530
272 3014 363 3064 adusit
430 3016 479 3064 531
497 3012 658 3079 Mermerus]
676 3030 757 3077 supro
774 3016 878 3062 atteram
890 3028 903 3060 r
915 3013 1014 3061 literam
1031 3026 1098 3061 crufo

127 3083 205 3146 picta
222 3089 261 3130 est
328 3083 377 3131 532
398 3082 516 3132 terentes
538 3089 597 3131 unte
620 3096 718 3130 uersum
741 3097 807 3129 orum
824 3080 980 3143 conspicitur
1048 3079 1098 3128 533

129 3153 220 3213 queat
236 3165 304 3199 corr.
324 3148 422 3198 Buerd.
490 3151 541 3199 534
557 3155 615 3212 post
634 3164 730 3197 necem
746 3149 839 3212 tepitur
856 3161 984 3196 mucrone
1002 3160 1098 3210 parcn-

128 3217 171 3265 tis
189 3217 238 3265 sed
254 3224 407 3280 expunctum
459 3218 508 3266 535
525 3223 584 3279 post
601 3231 696 3265 necem
713 3216 805 3279 tepitur
819 3213 864 3264 uel
880 3217 976 3285 sponte
993 3212 1099 3276 pericla

127 3301 181 3349 eed
201 3307 354 3363 expunctum
428 3301 477 3350 538
500 3301 538 3349 Af
559 3300 599 3349 Ac
622 3300 697 3349 fatur
717 3297 721 3363 Ι
742 3312 837 3363 perseo
859 3290 966 3359 mingere
1006 3300 1098 3373 persto

126 3383 263 3433 ministre.
279 3401 305 3450 γ,
340 3386 502 3447 corruptelae
519 3392 581 3434 notu
597 3386 684 3433 uersut
698 3384 819 3447 praefixa
837 3389 876 3432 est
943 3384 992 3433 543
1010 3395 1099 3431 uersus

127 3452 264 3500 excidisse
281 3453 382 3500 uidetur
397 3459 459 3514 post
475 3452 604 3502 inuentos
616 3466 764 3515 quamquam
781 3451 806 3499 in
818 3452 906 3500 codiee
924 3454 1014 3501 tamna
1031 3448 1099 3496 nulla

128 3523 172 3567 est
187 3516 193 3582 Ι
209 3518 279 3567 eatis
298 3517 350 3580 est]
366 3519 430 3581 sort.
449 3520 534 3568 satiet
601 3519 651 3568 546
668 3522 774 3568 meurat
802 3573 803 3577 Ἰ
