2500 3917
494 258 520 307 x
537 261 670 309 seo-eor
1023 259 1064 324 79

161 410 341 493 Rumperei
354 409 502 474 ensiferis
518 431 591 474 eum
606 409 710 472 ferrea
720 409 833 473 messis
848 410 969 493 5555555,

101 509 149 558 580
161 495 342 577 Insurgunt
356 493 484 577 clipeis,
499 494 631 576 rapiunt
645 492 741 556 simul
757 514 845 556 arma
858 492 1035 579 phalanges

160 578 323 643 Mortibus
337 577 469 641 alternis
484 580 517 641 55
530 582 643 641 mutua
656 576 724 640 faa
737 577 919 659 minaniur,

159 662 417 745 Fraternnmque
432 661 524 725 nefas
538 662 594 744 qui
609 661 710 745 gessii
724 660 867 724 uindioai
882 662 976 726 55555.

158 746 240 811 Inde
254 745 412 809 Athamas
432 744 631 809 miserandus
646 748 730 822 erat,
748 744 845 808 miser
864 744 939 809 inde
954 745 1063 812 Palae·

808 850 885 892 mon

158 914 240 978 nse
253 913 381 977 rosae
394 911 473 993 fua,
488 912 592 995 arpa
606 911 671 975 suu
686 910 828 994 Oedipus
843 879 935 994 aie,

100 1011 146 1060 555
158 997 241 1062 Inde
254 997 404 1061 Eteocles
418 1000 488 1059 eret
502 995 601 1059 frater
615 994 788 1078 Polynicis
797 998 829 1059 55
843 994 961 1079 hostis,

158 1082 204 1146 nt
217 1080 391 1165 Polynices
407 1081 501 1163 inops
515 1080 661 1164 germani
675 1083 779 1142 morte
793 1084 988 1162 perempius.

159 1165 286 1230 Blanda
300 1164 428 1245 Uenus,
444 1164 562 1228 lasciue
575 1185 671 1246 puer,
689 1162 843 1227 Semeleie
859 1162 1001 1248 Bacche,

159 1250 288 1314 Parcite
303 1271 362 1313 uos
377 1248 485 1312 saltim
499 1247 634 1330 Thebis,
655 1247 770 1331 quibus
786 1251 898 1311 auctor
914 1249 1005 1333 origo

158 1336 229 1398 Aul
244 1333 371 1397 soboles
384 1332 549 1416 praeclara
562 1330 641 1395 fuit:
663 1331 723 1395 5555
738 1334 855 1412 maier,
875 1331 989 1395 laeohe
997 1382 1006 1415 ,

100 1432 147 1480 550
158 1418 316 1483 Thebana
330 1417 369 1481 de
384 1415 484 1499 stirpe
498 1420 588 1479 luem
602 1414 799 1498 Thebisque,
814 1413 938 1499 Dione,

157 1502 373 1566 Harmoniam
392 1501 539 1583 nupsisse
560 1500 686 1563 ferunt:
708 1520 768 1582 pro
784 1520 917 1563 munere
932 1498 1062 1564 Thebae

158 1586 205 1650 nt
218 1607 278 1669 pro
293 1589 344 1651 iol
358 1584 483 1649 meritis
498 1584 545 1647 sio
558 1583 675 1647 funera
688 1586 781 1647 tanta
794 1582 981 1647 mereniur?

160 1669 293 1735 Crimen
308 1670 370 1733 erit
384 1668 533 1753 genuisse
549 1667 640 1750 deos,
656 1668 720 1731 iam
736 1666 831 1731 Greia
846 1666 1028 1731 Tonantem

158 1754 354 1838 Depositum
368 1751 507 1817 nutrisse
523 1756 635 1836 negeb,
651 1752 715 1814 iam
729 1751 829 1815 Delos
844 1751 879 1815 in
893 1752 995 1815 undas

99 1850 145 1900 595
159 1837 313 1902 Fluciueb
328 1841 361 1900 55
373 1841 490 1920 paueat
504 1840 615 1919 parius
629 1836 782 1899 meruisse
798 1835 945 1918 deorum,

158 1922 206 1986 Te
221 1921 384 1986 Uenerem
398 1920 481 1985 frete
496 1924 602 1984 uestra
616 1940 657 1982 ne
682 1923 738 1982 555
742 1968 751 2001 ,
768 1919 892 1982 abiurel
907 1922 1043 1982 Amores

84 2036 89 2041 *
162 2006 190 2071 O
234 2028 289 2069 rus
304 2011 338 2070 55
350 2005 488 2069 Idalium
503 2005 612 2088 pigeat
628 1940 764 2067 coluisse
779 2000 924 2083 Dionen,

159 2089 193 2155 U
229 2112 328 2154 canus
343 2089 482 2170 Lemno,
497 2088 580 2152 Iuno
596 2090 768 2170 spernatur
782 2086 821 2149 ab
837 2086 949 2169 Argis,

160 2174 316 2259 Gorgone
331 2173 484 2237 terribilis
499 2170 607 2237 Pallas
623 2170 792 2233 damnetur
807 2169 960 2252 Albania,

99 2271 146 2319 600
159 2257 274 2341 Sitque
288 2258 380 2320 nefas
396 2256 531 2320 coluisse
547 2255 637 2334 deos,
655 2255 730 2338 quia
746 2255 867 2317 crimen
885 2254 1022 2318 habeiur

159 2342 356 2427 Relligionis
370 2341 475 2404 bonos
483 2390 492 2422 ,
508 2361 582 2422 cum
597 2339 651 2403 dal
665 2360 724 2422 pro
741 2337 833 2401 laude
848 2338 976 2420 pericla.

163 2581 215 2631 583
235 2580 304 2629 Inde
322 2554 439 2645 telemiis
451 2579 538 2627 uertttt'
553 2593 619 2626 crue
635 2555 757 2639 praefice
770 2582 809 2623 est
859 2574 908 2623 585
925 2572 1061 2639 Thoelesl

97 2646 233 2727 Pplinius
310 2647 361 2697 586
380 2645 520 2695 Poliniees
537 2644 723 2706 Polinieepsp
738 2641 742 2705 Ι
758 2641 883 2721 'serenius
901 2644 1064 2705 corruptelae

97 2729 178 2830 rue
192 2721 305 2831 ”llil
322 2712 510 2830 euritii
575 2712 633 2828 llo
648 2709 969 2839 iutlltlttlit,
991 2710 1064 2840 5ῗῖ5

97 2846 221 2913 notatum)
239 2846 292 2897 tibi
310 2846 477 2911 (elucidetur)
496 2846 601 2895 Diones
620 2846 690 2909 quod
705 2845 800 2908 scripsi
815 2846 952 2907 proposuit
967 2842 1063 2893 Bueclt

97 2916 143 2965 591
163 2916 298 2965 Armenia
309 2931 391 2979 supro
403 2931 416 2964 r
427 2917 527 2964 literam
544 2916 707 2976 corruptelae
725 2919 786 2962 nota
803 2912 958 2974 conspicitur
1014 2911 1063 2960 596

98 3032 210 3083 adiures
279 3033 328 3083 597
348 2992 445 3110 Cypria
461 3030 465 3096 Ι
481 3031 598 3081 Dionem
656 3032 705 3081 600
724 3028 766 3079 sit
783 3028 863 3078 nefas
881 3043 949 3081 corr.
968 3027 1064 3079 Bueclt.

97 3116 142 3167 me
159 3119 239 3179 fluent
255 3118 375 3181 scriptum
393 3124 432 3167 est
453 3109 549 3173 Titos.
584 3116 679 3165 decinit
696 3115 781 3165 coclea
798 3113 983 3176 Neapolitanus
