2500 3917
184 202 203 265 6
603 198 723 250 arnis

188 364 236 413 125
249 350 295 415 Ut
309 372 388 433 puer
403 354 451 414 est
465 350 562 433 uisus,
577 348 688 412 faciles
706 347 944 436 risere‘puellae

103 460 136 510 [ρ.
150 458 172 505 e]
248 435 292 498 Et
307 436 431 498 lautum
445 434 571 497 uenisse
586 436 711 515 putant.
741 432 847 514 placet
862 431 1012 495 omnibus
1028 430 1138 495 idem:

248 518 314 582 Uix
328 541 443 582 urnam
458 518 605 582 submisit
620 516 712 600 aquis
727 514 934 598 dextramque
948 514 1106 580 tetendit:

250 602 331 667 Ourn
346 624 410 686 quo
432 622 465 665 se
479 600 650 683 Nymphae
664 600 785 683 pariter
803 620 939 663 mersere
959 600 1019 663 sub
1033 599 1160 665 undas.

248 686 391 771 Exponit
405 686 450 749 sic
465 690 575 767 raptus
590 684 670 748 Ylas
685 684 883 767 pauidusque
898 684 1028 766 petebat

187 782 236 830 130
247 770 390 834 Herbida
405 778 468 852 quo
484 770 622 833 uitreum
638 768 734 831 tellus
748 767 933 850 perfuderat
947 772 1085 832 antrum.

247 854 393 937 Deiopea
407 858 516 917 tamen
532 856 664 917 cunctas
678 853 808 915 hortata
822 872 948 915 sorores

246 938 443 1022 Adloquitur
457 959 607 1019 puerum:
632 942 715 999 ‘non
730 940 763 1000 te
779 935 869 999 decet
884 956 940 999 ora
953 936 1060 1020 rigare

247 1021 409 1102 Fletibus,
425 1022 507 1084 alme
522 1041 616 1103 puer,
631 1020 739 1102 ploret
753 1019 905 1083 deformis
919 1020 1042 1104 imago,

247 1104 325 1169 Non
340 1108 388 1168 est
402 1104 478 1167 flere
493 1107 601 1185 tuum,
616 1103 772 1167 mundum
786 1102 847 1167 tibi
861 1103 970 1166 nullus
985 1104 1118 1167 ademit.

185 1200 233 1248 135
247 1187 317 1252 Nos
332 1210 420 1270 rosa,
435 1209 495 1251 nos
509 1187 631 1269 uiolae,
651 1209 712 1251 nos
726 1187 796 1250 lilia
832 1186 944 1250 ulchra
959 1191 1138 1269 coronant,

246 1271 316 1336 Nos
330 1272 533 1354 Hyacinthus
549 1274 649 1353 amat,
670 1275 779 1335 noster
827 1272 963 1335 amissus
978 1272 1018 1335 ab
1033 1271 1160 1336 undis:

246 1355 437 1441 Fontigenis
453 1354 508 1419 dat
522 1358 606 1419 serta
619 1355 718 1419 comis
732 1354 924 1438 redimitque
940 1356 1071 1439 capillos

248 1438 410 1524 Quidquid
424 1439 513 1503 floris
528 1440 595 1503 olet
609 1438 764 1522 quidquid
779 1439 857 1502 dant
871 1443 964 1521 prata
978 1442 1117 1504 ruboris

246 1523 295 1586 Tu
310 1528 421 1588 noster
434 1524 500 1586 iam
515 1544 652 1605 sponsus
667 1524 729 1585 eris
744 1524 813 1586 sine
827 1523 892 1586 fine
907 1522 1058 1587 dierum'

185 1618 234 1666 140
246 1606 307 1670 His
323 1607 415 1669 dictis
431 1610 572 1670 mentem
586 1607 678 1689 pueri
693 1606 853 1671 mulcebat
867 1608 979 1671 amica,

244 1689 372 1753 Interea
387 1689 580 1754 furibundus
596 1690 700 1754 adhuc
715 1690 903 1773 Tirynthius
918 1692 986 1755 ibat

245 1773 289 1837 Et
306 1774 446 1837 olamans
462 1775 636 1857 quaerebat
649 1774 752 1856 Ylan,
768 1776 820 1838 cui
834 1776 925 1839 littus
940 1780 972 1838 et
985 1773 1072 1838 unda

245 1856 404 1921 Herculea
419 1879 491 1922 cum
509 1880 589 1922 uoce
605 1863 736 1941 sonant,
753 1863 786 1923 et
802 1881 920 1923 nomen
935 1858 1033 1923 amati

245 1939 374 2005 Montes
390 1942 471 2006 silua
486 1946 618 2027 uocant,
639 1948 767 2008 tantum
780 1944 855 2008 fons
872 1944 926 2008 ille
941 1943 1068 2007 tacebat

183 2024 284 2088 1451n
300 2048 363 2108 quo
379 2030 490 2110 raptus
505 2018 600 2091 Yla‘s:
623 2050 696 2091 eum
710 2028 774 2091 iam
789 2031 946 2092 remearet
960 2027 1000 2091 ad
1015 2032 1114 2091 astra

243 2108 323 2173 Post
337 2110 457 2173 factum
479 2112 631 2193 pinnatus
646 2112 749 2176 Amor
768 2113 926 2195 matrique
940 2110 1165 2193 triumphum

244 2191 440 2275 Adportaret
455 2216 569 2275 ouanS,
585 2216 698 2259 uocem
714 2196 790 2259 deus
805 2196 952 2260 Herculis
967 2196 1076 2259 hausit

243 2274 287 2338 ut
302 2278 440 2372 gemitus
456 2280 637 2361 quaerentis
652 2278 756 2344 Ylan
780 2281 830 2343 eui
846 2283 935 2365 gesta
950 2281 1089 2362 fatetur,

243 2359 367 2424 Aloidis
383 2362 531 2426 comitem
546 2362 647 2426 fontis
662 2364 804 2447 rapuisse
820 2364 958 2447 puellas,

183 2454 231 2503 150
243 2443 377 2527 ignibus
393 2446 503 2510 Idaliis
520 2451 630 2510 exutas
644 2446 817 2512 Herculeas
833 2470 913 2530 spes

245 2518 397 2612 Obriguit
411 2532 596 2615 gemuitque
612 2532 707 2595 simul
722 2532 909 2614 clauamque
924 2532 1062 2595 remisit:

245 2609 289 2673 ‘0
305 2613 425 2677 frustra
439 2616 560 2678 nutrite
575 2637 674 2697 puer,
689 2620 849 2699 spectator
863 2617 982 2699 ubique

243 2692 381 2759 Uirtutis
396 2718 453 2779 per
468 2701 582 2761 cuneta
597 2720 696 2763 meae,
732 2704 764 2762 te
778 2703 859 2762 teste
874 2700 994 2783 pericla

242 2774 344 2861 Saepe
359 2780 420 2843 tuli
437 2803 509 2843 cum
524 2782 627 2845 uictus
643 2805 734 2865 aper,
750 2805 823 2847 cum
838 2783 940 2847 fracta
954 2784 1058 2847 leonis

94 2873 131 2919 lr-
145 2872 167 2923 7]
182 2873 229 2921 155
243 2860 335 2926 Oolla
351 2862 501 2928 Cleonaei
516 2865 581 2929 telo
597 2871 749 2947 parcente
763 2876 935 2950 necantur,

245 3068 293 3115 126
311 3068 348 3117 Et
366 3068 470 3117 lentum
483 3072 646 3131 corruptelae
662 3074 758 3135 ciprum
775 3072 939 3120 interiectum.
959 3086 1029 3121 corr.
1041 3069 1169 3126 Bueck.

176 3131 202 3177 in
219 3136 332 3196 rriurpine
350 3138 440 3185 literae
451 3138 648 3199 ‘conspiciuntur
667 3138 706 3200 Cy
759 3140 807 3187 129
825 3134 952 3202 pauidus]
972 3137 1052 3186 littus
1070 3146 1172 3193 coni.

176 3198 230 3245 cias
253 3202 302 3249 uisi
324 3217 413 3252 uersus
436 3199 498 3252 unus
523 3207 643 3265 pluresue
665 3206 850 3255 interciderunt
930 3205 978 3255 136
1003 3204 1172 3267 Iacyntus

177 3264 225 3342 137
244 3265 399 3331 redigitque
453 3272 500 3320 138
518 3271 591 3320 floris
611 3271 682 3321 solet
698 3276 860 3335 completae
878 3278 940 3322 notu
956 3272 1044 3338 uersat
1058 3287 1173 3334 prae·

175 3344 259 3379 inissa.
295 3334 401 3383 ruboris
419 3340 546 3399 suppleuit
563 3338 660 3392 Baeek.
722 3338 929 3401 141Tyrintius
986 3340 1035 3388 145
1052 3351 1176 3399 uer-sui

172 3399 297 3459 praefica
314 3406 353 3448 est
370 3406 532 3463 corruptelae
551 3412 612 3455 nota
674 3405 822 3469 1501dalij
842 3411 954 3455 rexutas
1014 3404 1062 3457 151
1083 3408 1174 3464 cla.

176 3476 294 3527 numque
364 3468 413 3515 154
435 3468 505 3531 Sope
575 3474 624 3521 155
643 3472 749 3522 cleonei
