2500 3917
507 240 560 291 VII
582 240 708 291 89-153
1048 239 1090 304 29

193 389 361 473 Temporis
376 388 554 473 immodici,
570 412 631 455 neo
644 412 704 455 uos
718 391 850 473 impune
864 392 983 455 tacetis.

193 474 303 541 Pocae
318 480 449 541 estnon
464 474 567 539 leuior
581 476 675 539 uobis
690 474 855 558 quatiente
869 474 1000 559 pudore,

192 556 285 633 Quod
300 559 376 623 licet
390 558 541 643 exiguum
556 562 666 623 tamen
679 560 765 623 inter
778 560 850 622 iura
862 564 993 643 poetam

194 642 352 707 Temnitis
367 643 570 707 immemores
584 643 722 708 facunda
736 647 844 707 mente
859 644 963 727 periti.

128 738 180 787 125
197 726 282 801 Quid
295 727 428 812 prodest
441 749 584 792 seruasse
599 727 765 793 hominem
780 732 855 811 post
868 731 961 792 tanta
974 727 1094 811 pericla

192 811 237 875 Et
253 811 396 877 clausum
410 812 542 895 liquisse
558 813 613 877 diu
628 813 687 876 sub
703 811 791 876 clade
806 812 941 876 salutis?

196 894 274 961 Non
288 896 372 960 male
387 896 521 980 peccaui
535 918 595 961 nec
609 918 666 960 rex
680 898 780 961 iratus
794 896 906 980 inique
921 900 978 978 est,

195 978 259 1044 Sed
273 981 359 1045 mala
373 1002 464 1045 mens
479 980 619 1046 hominis
641 1003 723 1064 quae
738 980 854 1044 detulit
868 1002 923 1045 ore
938 980 1081 1063 maligno

192 1063 239 1127 Et
253 1066 335 1128 male
351 1065 512 1150 suggessit
525 1069 603 1130 tunc
618 1069 652 1129 et
664 1088 738 1129 mea
752 1065 838 1129 facta
852 1065 1010 1150 grauauit.

131 1158 183 1208 130
198 1147 337 1213 Poscere
352 1172 448 1233 quem
462 1151 591 1214 ueniam
608 1149 722 1232 decuit,
738 1150 821 1213 male
837 1151 969 1215 suscitat
983 1150 1047 1214 iras

195 1232 242 1296 Et
257 1232 423 1299 dominum
437 1253 609 1318 regemque
625 1236 714 1318 pium
729 1234 853 1298 saeuire
868 1235 983 1319 coegit.

197 1316 229 1397 N
232 1339 283 1381 am
299 1317 376 1383 deus
392 1320 596 1402 omnipotens
613 1319 804 1402 compungit
818 1319 914 1383 corda
928 1317 1069 1402 regentis

198 1400 334 1475 Quando
348 1403 438 1466 iubet
451 1403 572 1485 pietate
588 1424 646 1466 sua
660 1403 852 1485 ueniamque
867 1403 997 1466 relaxat.

197 1487 245 1549 At
259 1508 331 1550 cum
347 1487 428 1551 liber
443 1508 497 1551 ero
514 1487 646 1551 domino
660 1488 848 1572 ignoscente
862 1486 1020 1568 reductus,

131 1583 184 1632 135
201 1569 289 1633 Dum
304 1575 389 1635 tacet
404 1593 440 1635 os
454 1575 598 1635 uestrum
612 1593 672 1636 nec
686 1593 747 1636 nos
761 1593 908 1637 sermone
922 1570 1050 1651 iuuetis,

198 1654 231 1718 N
234 1656 343 1719 omina
358 1660 466 1721 uestra
479 1678 552 1721 reor
566 1658 739 1740 praeconia
752 1656 843 1720 nulla
856 1655 1041 1720 manebunt.

202 1737 264 1805 Sed
279 1762 320 1803 ne
335 1744 457 1805 maesta
472 1760 590 1805 canens
606 1740 777 1806 concludat
791 1762 920 1805 carmen
934 1738 1062 1820 amoris,
1109 1760 1139 1813 [p.
1153 1757 1187 1810 a]

200 1822 281 1887 Post
296 1824 374 1887 haec
389 1828 466 1888 uota
480 1846 596 1907 parens
612 1825 690 1908 quid
704 1825 747 1889 sit
760 1825 886 1889 feotrrra
899 1823 1015 1904 Dione,

200 1905 381 1972 Murmuret
396 1930 431 1973 os
446 1910 594 1991 tacitum,
611 1908 739 1974 Carales
755 1929 826 1972 cum
842 1908 983 1991 coeperit
997 1906 1052 1969 iri:

132 2002 186 2051 140
202 1992 335 2056 Aeolias
349 1996 438 2076 petet
452 1994 509 2057 illa
524 1994 636 2057 domos
651 1991 777 2057 aditura
790 1996 965 2074 tyrannum

198 2074 246 2139 Ut
261 2077 368 2141 frenet
382 2080 497 2141 uentos
513 2081 546 2141 et
561 2077 688 2141 caerula
701 2098 862 2141 marmora
876 2076 996 2156 tendat,

197 2158 331 2225 Mollior
345 2183 423 2225 aura
436 2183 547 2225 means
568 2166 695 2227 tantum
709 2162 796 2226 bona
809 2161 945 2241 fiumina
957 2160 1075 2241 mittat,

204 2243 251 2308 Ut
265 2245 343 2309 ratis
357 2246 529 2310 incolumis
545 2243 718 2311 Sardorum
732 2245 843 2310 littora
856 2248 978 2329 tangat.

203 2327 237 2393 N
239 2350 275 2393 ec
290 2334 390 2413 negat
404 2330 484 2393 haec
507 2328 609 2395 Eolus
624 2330 804 2394 Uenerisua
818 2332 889 2393 iura
902 2327 1042 2412 roganti.

137 2424 192 2473 145
208 2412 323 2497 Cypria
337 2416 374 2478 in
389 2418 506 2478 ornatu
520 2416 656 2479 ueniens
670 2414 753 2477 freta
767 2413 882 2497 glauca
894 2415 1041 2495 uagatur,

206 2496 288 2562 Cum
303 2499 411 2583 pelagi
425 2498 587 2583 Nymphis
601 2499 696 2562 ibunt
710 2497 854 2561 Tritonis
868 2494 990 2559 alumni

202 2581 380 2645 Nereidum
395 2587 564 2665 spumante
580 2582 678 2648 choro
693 2582 875 2665 Phorcique
890 2579 1022 2644 clientes

207 2666 353 2751 Gurgitis
369 2669 518 2749 aequorei
533 2668 637 2749 pisces
651 2667 805 2731 immania
819 2670 887 2730 cete

205 2749 251 2814 Et
266 2772 485 2835 quaecumque
500 2752 604 2817 latens
619 2755 730 2835 surget
744 2750 782 2815 de
796 2750 947 2815 fluctibus
961 2747 1034 2811 imis

139 2846 193 2895 150
208 2833 312 2898 Belua
325 2834 478 2899 terribilis
494 2857 633 2899 summas
648 2836 766 2920 gestire
780 2858 839 2919 per
852 2834 964 2916 undas²

206 2917 297 2982 Inter
312 2941 392 3002 quas
408 2920 559 3003 delphine
575 2918 688 2983 sedens
704 2920 839 2984 Galatea
851 2916 970 2981 minaci

207 3000 396 3085 Neptunum
413 3004 585 3087 perfundet
600 3005 692 3087 aquis
706 3008 836 3068 rorante
850 3002 982 3081 fluento,

205 3086 265 3149 Ille
281 3092 378 3170 caput
393 3088 587 3171 barbamque
603 3090 667 3152 ciet
680 3089 804 3152 ridente
819 3086 936 3151 Dione.

209 3258 258 3306 122
275 3261 385 3321 spatium
407 3275 456 3309 non
474 3262 595 3309 relietum.
624 3260 754 3323 suppleuit
770 3259 867 3310 Bueelr.
938 3258 986 3307 129
1008 3255 1070 3306 fato

135 3324 189 3373 132
209 3333 377 3391 compunget
395 3326 574 3377 coremur.
646 3329 694 3377 137
713 3342 764 3376 nec
837 3327 1003 3376 mamistae
1061 3320 1111 3371 146

134 3390 271 3443 Tritones
289 3409 357 3443 corr.
379 3394 473 3443 Buecd.
556 3396 604 3443 148
623 3399 704 3465 caete
773 3396 821 3445 149
839 3396 875 3443 At
901 3392 906 3459 Ι
932 3391 1022 3457 surgit
1039 3404 1109 3440 corr.

133 3456 236 3515 Bueeu.
311 3462 465 3511 150Be11a
503 3471 506 3477 ’
543 3464 589 3512 151
614 3460 714 3513 delfine
801 3464 849 3513 153
873 3463 928 3512 ciet
950 3459 1025 3524 quasi
1052 3472 1111 3507 eor·

132 3530 257 3590 ruptelce
273 3531 346 3593 cipro
364 3536 475 3581 notatum
