<?xml version="1.0" encoding="UTF-8"?>
<!DOCTYPE html PUBLIC "-//W3C//DTD XHTML 1.0 Transitional//EN"
    "http://www.w3.org/TR/xhtml1/DTD/xhtml1-transitional.dtd">
<html xmlns="http://www.w3.org/1999/xhtml" xml:lang="en" lang="en">
 <head>
  <title>
</title>
<meta http-equiv="Content-Type" content="text/html;charset=utf-8" />
  <meta name='ocr-system' content='tesseract 3.04.00' />
  <meta name='ocr-capabilities' content='ocr_page ocr_carea ocr_par ocr_line ocrx_word'/>
</head>
<body>
  <div class='ocr_page' id='page_1' title='image "./dracontiicarmin02dracgoog_0089.png"; bbox 0 0 2500 3917; ppageno 0'>
   <div class='ocr_carea' id='block_1_1' title="bbox 177 236 724 300">
    <p class='ocr_par' dir='ltr' id='par_1_1' title="bbox 177 236 724 300">
     <span class='ocr_line' id='line_1_1' title="bbox 177 236 724 300; baseline 0.013 -18"><span class='ocrx_word' id='word_1_1' title='bbox 177 236 218 300; x_wconf 72' lang='lat'>76</span> <span class='ocrx_word' id='word_1_2' title='bbox 594 237 724 289; x_wconf 77' lang='lat' dir='ltr'>nanas</span> 
     </span>
    </p>
   </div>
   <div class='ocr_carea' id='block_1_2' title="bbox 77 384 1140 2901">
    <p class='ocr_par' dir='ltr' id='par_1_2' title="bbox 77 384 1140 2901">
     <span class='ocr_line' id='line_1_2' title="bbox 238 384 998 469; baseline 0 -20"><span class='ocrx_word' id='word_1_3' title='bbox 238 384 379 449; x_wconf 80' lang='lat' dir='ltr'>Exitiale</span> <span class='ocrx_word' id='word_1_4' title='bbox 394 386 479 468; x_wconf 85' lang='lat' dir='ltr'>rapit</span> <span class='ocrx_word' id='word_1_5' title='bbox 492 407 569 449; x_wconf 85' lang='lat' dir='ltr'>mox</span> <span class='ocrx_word' id='word_1_6' title='bbox 582 384 725 469; x_wconf 87' lang='lat' dir='ltr'>praemia</span> <span class='ocrx_word' id='word_1_7' title='bbox 739 388 823 449; x_wconf 86' lang='lat' dir='ltr'>tetra</span> <span class='ocrx_word' id='word_1_8' title='bbox 837 406 998 449; x_wconf 88' lang='lat' dir='ltr'>uenenum</span> 
     </span>
     <span class='ocr_line' id='line_1_3' title="bbox 240 469 1035 552; baseline 0.001 -20"><span class='ocrx_word' id='word_1_9' title='bbox 240 473 348 552; x_wconf 87' lang='lat' dir='ltr'>Atque</span> <span class='ocrx_word' id='word_1_10' title='bbox 363 491 477 533; x_wconf 85' lang='lat' dir='ltr'>aurum</span> <span class='ocrx_word' id='word_1_11' title='bbox 491 470 627 533; x_wconf 89' lang='lat' dir='ltr'>mentita</span> <span class='ocrx_word' id='word_1_12' title='bbox 640 490 761 534; x_wconf 87' lang='lat' dir='ltr'>nocens</span> <span class='ocrx_word' id='word_1_13' title='bbox 776 469 899 533; x_wconf 86' lang='lat' dir='ltr'>radiare</span> <span class='ocrx_word' id='word_1_14' title='bbox 914 490 1035 533; x_wconf 87' lang='lat' dir='ltr'>corona</span> 
     </span>
     <span class='ocr_line' id='line_1_4' title="bbox 240 552 1010 637; baseline 0 -20"><span class='ocrx_word' id='word_1_15' title='bbox 240 552 389 617; x_wconf 78' lang='lat' dir='ltr'>Creditur</span> <span class='ocrx_word' id='word_1_16' title='bbox 402 556 435 617; x_wconf 89' lang='lat' dir='ltr'>et</span> <span class='ocrx_word' id='word_1_17' title='bbox 449 574 591 637; x_wconf 83' lang='lat' dir='ltr'>gemmas</span> <span class='ocrx_word' id='word_1_18' title='bbox 604 553 700 617; x_wconf 89' lang='lat' dir='ltr'>flores</span> <span class='ocrx_word' id='word_1_19' title='bbox 714 554 883 617; x_wconf 75' lang='lat' dir='ltr'><strong>imitantur</strong></span> <span class='ocrx_word' id='word_1_20' title='bbox 896 554 1010 637; x_wconf 89' lang='lat' dir='ltr'>iniqui.</span> 
     </span>
     <span class='ocr_line' id='line_1_5' title="bbox 186 635 1090 722; baseline 0.001 -22"><span class='ocrx_word' id='word_1_21' title='bbox 186 668 190 677; x_wconf 91' lang='lat'><strong>·</strong></span> <span class='ocrx_word' id='word_1_22' title='bbox 239 636 328 700; x_wconf 91' lang='lat' dir='ltr'>Dum</span> <span class='ocrx_word' id='word_1_23' title='bbox 340 658 458 701; x_wconf 90' lang='lat' dir='ltr'>munus</span> <span class='ocrx_word' id='word_1_24' title='bbox 473 635 587 701; x_wconf 82' lang='lat' dir='ltr'>Medea</span> <span class='ocrx_word' id='word_1_25' title='bbox 600 641 693 720; x_wconf 86' lang='lat' dir='ltr'>parat</span> <span class='ocrx_word' id='word_1_26' title='bbox 706 637 786 701; x_wconf 84' lang='lat' dir='ltr'>haec</span> <span class='ocrx_word' id='word_1_27' title='bbox 800 638 915 701; x_wconf 88' lang='lat' dir='ltr'>funere</span> <span class='ocrx_word' id='word_1_28' title='bbox 929 637 1090 722; x_wconf 82' lang='lat' dir='ltr'>Clausae,</span> 
     </span>
     <span class='ocr_line' id='line_1_6' title="bbox 175 721 1086 804; baseline 0.007 -25"><span class='ocrx_word' id='word_1_29' title='bbox 175 732 226 780; x_wconf 84' lang='grc'>405</span> <span class='ocrx_word' id='word_1_30' title='bbox 239 721 401 785; x_wconf 76' lang='lat' dir='ltr'>Processit</span> <span class='ocrx_word' id='word_1_31' title='bbox 413 721 514 785; x_wconf 90' lang='lat' dir='ltr'>roseis</span> <span class='ocrx_word' id='word_1_32' title='bbox 529 722 578 785; x_wconf 90' lang='lat' dir='ltr'>sol</span> <span class='ocrx_word' id='word_1_33' title='bbox 592 722 747 785; x_wconf 88' lang='lat' dir='ltr'>mundum</span> <span class='ocrx_word' id='word_1_34' title='bbox 761 722 926 804; x_wconf 84' lang='lat' dir='ltr'>amplexus</span> <span class='ocrx_word' id='word_1_35' title='bbox 940 722 1086 787; x_wconf 81' lang='lat' dir='ltr'>habenis.</span> 
     </span>
     <span class='ocr_line' id='line_1_7' title="bbox 239 804 1088 889; baseline 0.001 -21"><span class='ocrx_word' id='word_1_36' title='bbox 239 808 285 868; x_wconf 91' lang='lat' dir='ltr'>At</span> <span class='ocrx_word' id='word_1_37' title='bbox 298 825 395 889; x_wconf 79' lang='lat' dir='ltr'>maga</span> <span class='ocrx_word' id='word_1_38' title='bbox 409 804 617 888; x_wconf 80' lang='lat' dir='ltr'>sulphuream</span> <span class='ocrx_word' id='word_1_39' title='bbox 631 826 755 888; x_wconf 90' lang='lat' dir='ltr'>ponens</span> <span class='ocrx_word' id='word_1_40' title='bbox 770 806 810 869; x_wconf 85' lang='lat' dir='ltr'>ed</span> <span class='ocrx_word' id='word_1_41' title='bbox 826 805 920 869; x_wconf 86' lang='lat' dir='ltr'>busta</span> <span class='ocrx_word' id='word_1_42' title='bbox 934 826 1088 869; x_wconf 87' lang='lat' dir='ltr'>coronam</span> 
     </span>
     <span class='ocr_line' id='line_1_8' title="bbox 238 887 1046 972; baseline 0.001 -20"><span class='ocrx_word' id='word_1_43' title='bbox 238 887 328 952; x_wconf 89' lang='lat' dir='ltr'>Haec</span> <span class='ocrx_word' id='word_1_44' title='bbox 342 890 402 952; x_wconf 85' lang='lat' dir='ltr'>ait:</span> <span class='ocrx_word' id='word_1_45' title='bbox 424 894 463 953; x_wconf 66' lang='grc' dir='ltr'>εο</span> <span class='ocrx_word' id='word_1_46' title='bbox 478 890 591 953; x_wconf 90' lang='lat' dir='ltr'>mundi</span> <span class='ocrx_word' id='word_1_47' title='bbox 604 890 702 953; x_wconf 89' lang='lat' dir='ltr'>facies</span> <span class='ocrx_word' id='word_1_48' title='bbox 717 888 934 972; x_wconf 88' lang='lat' dir='ltr'>pulcherrima</span> <span class='ocrx_word' id='word_1_49' title='bbox 948 890 1046 953; x_wconf 84' lang='lat' dir='ltr'>Titan</span> 
     </span>
     <span class='ocr_line' id='line_1_9' title="bbox 238 972 1015 1057; baseline 0.001 -20"><span class='ocrx_word' id='word_1_50' title='bbox 238 972 396 1037; x_wconf 80' lang='lat' dir='ltr'>Naturam</span> <span class='ocrx_word' id='word_1_51' title='bbox 409 972 537 1036; x_wconf 89' lang='lat' dir='ltr'>feruore</span> <span class='ocrx_word' id='word_1_52' title='bbox 550 977 666 1037; x_wconf 88' lang='lat' dir='ltr'>tenens</span> <span class='ocrx_word' id='word_1_53' title='bbox 681 974 839 1037; x_wconf 81' lang='lat' dir='ltr'>clemente</span> <span class='ocrx_word' id='word_1_54' title='bbox 853 976 1015 1057; x_wconf 77' lang='lat' dir='ltr'>coartans,</span> 
     </span>
     <span class='ocr_line' id='line_1_10' title="bbox 238 1055 1078 1143; baseline 0.004 -24"><span class='ocrx_word' id='word_1_55' title='bbox 238 1055 290 1120; x_wconf 90' lang='lat' dir='ltr'>Ne</span> <span class='ocrx_word' id='word_1_56' title='bbox 304 1056 447 1138; x_wconf 87' lang='lat' dir='ltr'>dispersa</span> <span class='ocrx_word' id='word_1_57' title='bbox 461 1059 564 1120; x_wconf 88' lang='lat' dir='ltr'>fluant</span> <span class='ocrx_word' id='word_1_58' title='bbox 578 1060 635 1120; x_wconf 90' lang='lat' dir='ltr'>aut</span> <span class='ocrx_word' id='word_1_59' title='bbox 648 1056 761 1120; x_wconf 90' lang='lat' dir='ltr'>mundi</span> <span class='ocrx_word' id='word_1_60' title='bbox 774 1058 925 1121; x_wconf 86' lang='lat' dir='ltr'>machina</span> <span class='ocrx_word' id='word_1_61' title='bbox 939 1064 1078 1143; x_wconf 85' lang='lat' dir='ltr'>merget,</span> 
     </span>
     <span class='ocr_line' id='line_1_11' title="bbox 174 1139 1138 1226; baseline 0.007 -26"><span class='ocrx_word' id='word_1_62' title='bbox 174 1150 227 1199; x_wconf 93' lang='grc'>500</span> <span class='ocrx_word' id='word_1_63' title='bbox 240 1139 401 1223; x_wconf 82' lang='lat' dir='ltr'>Stelligcri</span> <span class='ocrx_word' id='word_1_64' title='bbox 416 1140 508 1203; x_wconf 87' lang='lat' dir='ltr'>iubar</span> <span class='ocrx_word' id='word_1_65' title='bbox 523 1161 618 1204; x_wconf 92' lang='lat' dir='ltr'>omne</span> <span class='ocrx_word' id='word_1_66' title='bbox 632 1140 710 1224; x_wconf 90' lang='lat' dir='ltr'>poli,</span> <span class='ocrx_word' id='word_1_67' title='bbox 726 1162 821 1224; x_wconf 86' lang='lat' dir='ltr'>quern</span> <span class='ocrx_word' id='word_1_68' title='bbox 836 1141 971 1224; x_wconf 78' lang='lat' dir='ltr'>sphaera</span> <span class='ocrx_word' id='word_1_69' title='bbox 985 1142 1138 1226; x_wconf 88' lang='lat' dir='ltr'>polorum</span> 
     </span>
     <span class='ocr_line' id='line_1_12' title="bbox 239 1221 1138 1312; baseline 0.004 -25"><span class='ocrx_word' id='word_1_70' title='bbox 239 1221 382 1287; x_wconf 85' lang='lat' dir='ltr'>Sustinet</span> <span class='ocrx_word' id='word_1_71' title='bbox 396 1226 430 1286; x_wconf 88' lang='lat' dir='ltr'>et</span> <span class='ocrx_word' id='word_1_72' title='bbox 443 1224 595 1307; x_wconf 89' lang='lat' dir='ltr'>prohibet</span> <span class='ocrx_word' id='word_1_73' title='bbox 609 1225 738 1290; x_wconf 91' lang='lat' dir='ltr'>rutilam</span> <span class='ocrx_word' id='word_1_74' title='bbox 759 1225 831 1308; x_wconf 89' lang='lat' dir='ltr'>plus</span> <span class='ocrx_word' id='word_1_75' title='bbox 846 1227 892 1289; x_wconf 92' lang='lat' dir='ltr'>ire</span> <span class='ocrx_word' id='word_1_76' title='bbox 906 1248 964 1309; x_wconf 90' lang='lat' dir='ltr'>per</span> <span class='ocrx_word' id='word_1_77' title='bbox 979 1226 1138 1312; x_wconf 84' lang='lat' dir='ltr'>aethram,</span> 
     </span>
     <span class='ocr_line' id='line_1_13' title="bbox 237 1305 1025 1394; baseline 0.005 -25"><span class='ocrx_word' id='word_1_78' title='bbox 237 1305 326 1370; x_wconf 91' lang='lat' dir='ltr'>Dum</span> <span class='ocrx_word' id='word_1_79' title='bbox 341 1310 454 1389; x_wconf 82' lang='lat' dir='ltr'>contra</span> <span class='ocrx_word' id='word_1_80' title='bbox 467 1309 554 1391; x_wconf 92' lang='lat' dir='ltr'>rapis</span> <span class='ocrx_word' id='word_1_81' title='bbox 569 1332 627 1373; x_wconf 81' lang='lat' dir='ltr'>axe</span> <span class='ocrx_word' id='word_1_82' title='bbox 642 1314 729 1373; x_wconf 88' lang='lat' dir='ltr'>rotas</span> <span class='ocrx_word' id='word_1_83' title='bbox 745 1313 777 1373; x_wconf 91' lang='lat' dir='ltr'>et</span> <span class='ocrx_word' id='word_1_84' title='bbox 792 1309 918 1394; x_wconf 79' lang='lat' dir='ltr'>colligis</span> <span class='ocrx_word' id='word_1_85' title='bbox 933 1311 1025 1393; x_wconf 85' lang='lat' dir='ltr'>ignes</span> 
     </span>
     <span class='ocr_line' id='line_1_14' title="bbox 237 1390 1007 1474; baseline 0.004 -20"><span class='ocrx_word' id='word_1_86' title='bbox 237 1390 311 1473; x_wconf 90' lang='lat' dir='ltr'>Ipse</span> <span class='ocrx_word' id='word_1_87' title='bbox 325 1391 396 1474; x_wconf 85' lang='lat' dir='ltr'>pias</span> <span class='ocrx_word' id='word_1_88' title='bbox 411 1393 534 1456; x_wconf 86' lang='lat' dir='ltr'>animas</span> <span class='ocrx_word' id='word_1_89' title='bbox 548 1394 643 1457; x_wconf 88' lang='lat' dir='ltr'>mites</span> <span class='ocrx_word' id='word_1_90' title='bbox 658 1397 690 1457; x_wconf 91' lang='lat' dir='ltr'>et</span> <span class='ocrx_word' id='word_1_91' title='bbox 705 1394 826 1457; x_wconf 84' lang='lat' dir='ltr'>claudis</span> <span class='ocrx_word' id='word_1_92' title='bbox 841 1394 878 1457; x_wconf 92' lang='lat' dir='ltr'>in</span> <span class='ocrx_word' id='word_1_93' title='bbox 891 1415 1007 1457; x_wconf 88' lang='lat' dir='ltr'>aeuum</span> 
     </span>
     <span class='ocr_line' id='line_1_15' title="bbox 240 1474 1042 1561; baseline 0.004 -23"><span class='ocrx_word' id='word_1_94' title='bbox 240 1474 325 1539; x_wconf 89' lang='lat' dir='ltr'>Orbe</span> <span class='ocrx_word' id='word_1_95' title='bbox 339 1480 396 1540; x_wconf 90' lang='lat' dir='ltr'>tuo</span> <span class='ocrx_word' id='word_1_96' title='bbox 428 1477 577 1540; x_wconf 88' lang='lat' dir='ltr'>miserere</span> <span class='ocrx_word' id='word_1_97' title='bbox 591 1481 682 1558; x_wconf 89' lang='lat' dir='ltr'>tuae,</span> <span class='ocrx_word' id='word_1_98' title='bbox 698 1478 775 1540; x_wconf 85' lang='lat' dir='ltr'>deus</span> <span class='ocrx_word' id='word_1_99' title='bbox 790 1478 925 1561; x_wconf 87' lang='lat' dir='ltr'>optime,</span> <span class='ocrx_word' id='word_1_100' title='bbox 941 1479 1042 1561; x_wconf 84' lang='lat' dir='ltr'>nepti.</span> 
     </span>
     <span class='ocr_line' id='line_1_16' title="bbox 174 1526 962 1645; baseline 0.01 -28"><span class='ocrx_word' id='word_1_101' title='bbox 174 1569 225 1617; x_wconf 85' lang='grc'>505</span> <span class='ocrx_word' id='word_1_102' title='bbox 237 1558 386 1622; x_wconf 80' lang='lat' dir='ltr'>Insident</span> <span class='ocrx_word' id='word_1_103' title='bbox 398 1526 478 1624; x_wconf 85' lang='lat' dir='ltr'>haec</span> <span class='ocrx_word' id='word_1_104' title='bbox 493 1564 578 1624; x_wconf 84' lang='lat' dir='ltr'>serta</span> <span class='ocrx_word' id='word_1_105' title='bbox 592 1561 691 1625; x_wconf 90' lang='lat' dir='ltr'>comis</span> <span class='ocrx_word' id='word_1_106' title='bbox 707 1565 740 1624; x_wconf 88' lang='lat' dir='ltr'>et</span> <span class='ocrx_word' id='word_1_107' title='bbox 754 1561 891 1645; x_wconf 84' lang='lat' dir='ltr'>uirginis</span> <span class='ocrx_word' id='word_1_108' title='bbox 906 1584 962 1625; x_wconf 86' lang='lat' dir='ltr'>ora</span> 
     </span>
     <span class='ocr_line' id='line_1_17' title="bbox 237 1640 1140 1729; baseline 0.007 -25"><span class='ocrx_word' id='word_1_109' title='bbox 237 1640 348 1724; x_wconf 85' lang='lat' dir='ltr'>Digna</span> <span class='ocrx_word' id='word_1_110' title='bbox 362 1663 482 1706; x_wconf 90' lang='lat' dir='ltr'>corona</span> <span class='ocrx_word' id='word_1_111' title='bbox 496 1648 638 1726; x_wconf 90' lang='lat' dir='ltr'>premat:</span> <span class='ocrx_word' id='word_1_112' title='bbox 661 1646 735 1727; x_wconf 88' lang='lat' dir='ltr'>sint,</span> <span class='ocrx_word' id='word_1_113' title='bbox 750 1646 891 1727; x_wconf 89' lang='lat' dir='ltr'>inquam,</span> <span class='ocrx_word' id='word_1_114' title='bbox 912 1645 997 1729; x_wconf 84' lang='lat' dir='ltr'>regis</span> <span class='ocrx_word' id='word_1_115' title='bbox 1012 1646 1048 1709; x_wconf 91' lang='lat' dir='ltr'>in</span> <span class='ocrx_word' id='word_1_116' title='bbox 1062 1647 1140 1711; x_wconf 89' lang='lat' dir='ltr'>aula</span> 
     </span>
     <span class='ocr_line' id='line_1_18' title="bbox 237 1723 1138 1815; baseline 0.007 -28"><span class='ocrx_word' id='word_1_117' title='bbox 237 1723 374 1789; x_wconf 87' lang='lat' dir='ltr'>Munera</span> <span class='ocrx_word' id='word_1_118' title='bbox 383 1729 496 1789; x_wconf 85' lang='lat' dir='ltr'>nostre</span> <span class='ocrx_word' id='word_1_119' title='bbox 506 1728 587 1811; x_wconf 86' lang='lat' dir='ltr'>rogi,</span> <span class='ocrx_word' id='word_1_120' title='bbox 600 1728 678 1792; x_wconf 87' lang='lat' dir='ltr'>dent</span> <span class='ocrx_word' id='word_1_121' title='bbox 689 1730 832 1812; x_wconf 86' lang='lat' dir='ltr'>praemia</span> <span class='ocrx_word' id='word_1_122' title='bbox 840 1732 932 1793; x_wconf 84' lang='lat' dir='ltr'>tenta</span> <span class='ocrx_word' id='word_1_123' title='bbox 943 1730 1138 1815; x_wconf 78' lang='lat' dir='ltr'>sepulcrum,</span> 
     </span>
     <span class='ocr_line' id='line_1_19' title="bbox 236 1808 1094 1905; baseline 0.008 -35"><span class='ocrx_word' id='word_1_124' title='bbox 236 1808 338 1905; x_wconf 74' lang='lat' dir='ltr'>Ignea</span> <span class='ocrx_word' id='word_1_125' title='bbox 352 1830 439 1873; x_wconf 86' lang='lat' dir='ltr'>mors</span> <span class='ocrx_word' id='word_1_126' title='bbox 453 1811 559 1893; x_wconf 87' lang='lat' dir='ltr'>rapiat</span> <span class='ocrx_word' id='word_1_127' title='bbox 573 1833 727 1894; x_wconf 88' lang='lat' dir='ltr'>sponsum</span> <span class='ocrx_word' id='word_1_128' title='bbox 743 1834 815 1877; x_wconf 89' lang='lat' dir='ltr'>cnm</span> <span class='ocrx_word' id='word_1_129' title='bbox 829 1814 951 1895; x_wconf 86' lang='lat' dir='ltr'>paelice</span> <span class='ocrx_word' id='word_1_130' title='bbox 965 1814 1094 1878; x_wconf 88' lang='lat' dir='ltr'>busto.&#39;</span> 
     </span>
     <span class='ocr_line' id='line_1_20' title="bbox 237 1890 985 1961; baseline 0.005 -4"><span class='ocrx_word' id='word_1_131' title='bbox 237 1890 290 1957; x_wconf 83' lang='lat' dir='ltr'>Src</span> <span class='ocrx_word' id='word_1_132' title='bbox 305 1892 401 1957; x_wconf 84' lang='lat' dir='ltr'>effata</span> <span class='ocrx_word' id='word_1_133' title='bbox 414 1894 524 1959; x_wconf 87' lang='lat' dir='ltr'>minax</span> <span class='ocrx_word' id='word_1_134' title='bbox 540 1894 624 1960; x_wconf 80' lang='lat' dir='ltr'>Solis</span> <span class='ocrx_word' id='word_1_135' title='bbox 639 1918 715 1960; x_wconf 86' lang='lat' dir='ltr'>mox</span> <span class='ocrx_word' id='word_1_136' title='bbox 729 1918 850 1961; x_wconf 91' lang='lat' dir='ltr'>numen</span> <span class='ocrx_word' id='word_1_137' title='bbox 864 1897 985 1961; x_wconf 88' lang='lat' dir='ltr'>adorat.</span> 
     </span>
     <span class='ocr_line' id='line_1_21' title="bbox 173 1969 1124 2064; baseline 0.008 -27"><span class='ocrx_word' id='word_1_138' title='bbox 173 1989 224 2037; x_wconf 90' lang='grc'>510</span> <span class='ocrx_word' id='word_1_139' title='bbox 236 1976 393 2060; x_wconf 67' lang='lat' dir='ltr'>‘Tempus</span> <span class='ocrx_word' id='word_1_140' title='bbox 408 1980 517 2063; x_wconf 81' lang='lat' dir='ltr'>adest,</span> <span class='ocrx_word' id='word_1_141' title='bbox 532 1988 722 2064; x_wconf 84' lang='lat' dir='ltr'>pergamus&#39;</span> <span class='ocrx_word' id='word_1_142' title='bbox 738 1981 792 2044; x_wconf 89' lang='lat' dir='ltr'>ait.</span> <span class='ocrx_word' id='word_1_143' title='bbox 823 1982 869 2044; x_wconf 87' lang='lat' dir='ltr'>sic</span> <span class='ocrx_word' id='word_1_144' title='bbox 883 1980 952 2045; x_wconf 87' lang='lat' dir='ltr'>fata</span> <span class='ocrx_word' id='word_1_145' title='bbox 966 1969 1124 2046; x_wconf 76' lang='lat' dir='ltr'>coronam</span> 
     </span>
     <span class='ocr_line' id='line_1_22' title="bbox 236 2059 1017 2149; baseline 0.01 -27"><span class='ocrx_word' id='word_1_146' title='bbox 236 2059 337 2124; x_wconf 86' lang='lat' dir='ltr'>Tollit</span> <span class='ocrx_word' id='word_1_147' title='bbox 351 2065 384 2124; x_wconf 89' lang='lat' dir='ltr'>et</span> <span class='ocrx_word' id='word_1_148' title='bbox 397 2062 559 2126; x_wconf 88' lang='lat' dir='ltr'>insontem</span> <span class='ocrx_word' id='word_1_149' title='bbox 573 2066 699 2149; x_wconf 84' lang='lat' dir='ltr'>fingens</span> <span class='ocrx_word' id='word_1_150' title='bbox 715 2066 756 2128; x_wconf 91' lang='lat' dir='ltr'>ad</span> <span class='ocrx_word' id='word_1_151' title='bbox 769 2068 855 2129; x_wconf 81' lang='lat' dir='ltr'>tecta</span> <span class='ocrx_word' id='word_1_152' title='bbox 870 2064 1017 2129; x_wconf 79' lang='lat' dir='ltr'>Creontis</span> 
     </span>
     <span class='ocr_line' id='line_1_23' title="bbox 77 2142 994 2232; baseline 0.009 -27"><span class='ocrx_word' id='word_1_153' title='bbox 77 2157 110 2205; x_wconf 78' lang='lat' dir='ltr'>[a</span> <span class='ocrx_word' id='word_1_154' title='bbox 123 2157 159 2206; x_wconf 78' lang='lat'>⁹4]</span> <span class='ocrx_word' id='word_1_155' title='bbox 237 2142 394 2224; x_wconf 86' lang='lat' dir='ltr'>Uenerat,</span> <span class='ocrx_word' id='word_1_156' title='bbox 410 2144 519 2208; x_wconf 82' lang='lat' dir='ltr'>oblate</span> <span class='ocrx_word' id='word_1_157' title='bbox 533 2169 670 2229; x_wconf 88' lang='lat' dir='ltr'>sponsae</span> <span class='ocrx_word' id='word_1_158' title='bbox 686 2149 740 2213; x_wconf 85' lang='lat' dir='ltr'>dat</span> <span class='ocrx_word' id='word_1_159' title='bbox 754 2152 839 2213; x_wconf 88' lang='lat' dir='ltr'>serta</span> <span class='ocrx_word' id='word_1_160' title='bbox 853 2149 994 2232; x_wconf 89' lang='lat' dir='ltr'>puellae:</span> 
     </span>
     <span class='ocr_line' id='line_1_24' title="bbox 237 2225 1044 2311; baseline 0.015 -25"><span class='ocrx_word' id='word_1_161' title='bbox 237 2225 367 2308; x_wconf 85' lang='lat' dir='ltr'>‘Accipe</span> <span class='ocrx_word' id='word_1_162' title='bbox 381 2226 475 2311; x_wconf 86' lang='lat' dir='ltr'>uirgo</span> <span class='ocrx_word' id='word_1_163' title='bbox 490 2230 595 2293; x_wconf 88' lang='lat' dir='ltr'>libens</span> <span class='ocrx_word' id='word_1_164' title='bbox 609 2237 755 2297; x_wconf 87' lang='lat' dir='ltr'>auratam</span> <span class='ocrx_word' id='word_1_165' title='bbox 769 2232 876 2297; x_wconf 86' lang='lat' dir='ltr'>fronte</span> <span class='ocrx_word' id='word_1_166' title='bbox 892 2254 1044 2297; x_wconf 91' lang='lat' dir='ltr'>coronam</span> 
     </span>
     <span class='ocr_line' id='line_1_25' title="bbox 236 2307 1135 2400; baseline 0.011 -29"><span class='ocrx_word' id='word_1_167' title='bbox 236 2307 339 2384; x_wconf 82' lang='lat' dir='ltr'>Quam</span> <span class='ocrx_word' id='word_1_168' title='bbox 354 2311 483 2392; x_wconf 92' lang='lat' dir='ltr'>captiua</span> <span class='ocrx_word' id='word_1_169' title='bbox 497 2312 589 2396; x_wconf 85' lang='lat' dir='ltr'>dabo,</span> <span class='ocrx_word' id='word_1_170' title='bbox 605 2316 733 2398; x_wconf 87' lang='lat' dir='ltr'>qualem</span> <span class='ocrx_word' id='word_1_171' title='bbox 745 2338 817 2381; x_wconf 88' lang='lat' dir='ltr'>mea</span> <span class='ocrx_word' id='word_1_172' title='bbox 830 2318 969 2400; x_wconf 85' lang='lat' dir='ltr'>pignore</span> <span class='ocrx_word' id='word_1_173' title='bbox 980 2321 1135 2382; x_wconf 69' lang='lat' dir='ltr'>sumant?</span> 
     </span>
     <span class='ocr_line' id='line_1_26' title="bbox 171 2392 1009 2486; baseline 0.011 -32"><span class='ocrx_word' id='word_1_174' title='bbox 171 2405 221 2454; x_wconf 87' lang='grc'>515</span> <span class='ocrx_word' id='word_1_175' title='bbox 233 2392 369 2457; x_wconf 85' lang='lat' dir='ltr'>Dixerat</span> <span class='ocrx_word' id='word_1_176' title='bbox 383 2399 415 2459; x_wconf 90' lang='lat' dir='ltr'>et</span> <span class='ocrx_word' id='word_1_177' title='bbox 429 2397 526 2479; x_wconf 90' lang='lat' dir='ltr'>capiti</span> <span class='ocrx_word' id='word_1_178' title='bbox 542 2400 629 2481; x_wconf 88' lang='lat' dir='ltr'>quod</span> <span class='ocrx_word' id='word_1_179' title='bbox 643 2399 707 2463; x_wconf 90' lang='lat' dir='ltr'>iam</span> <span class='ocrx_word' id='word_1_180' title='bbox 724 2400 901 2465; x_wconf 85' lang='lat' dir='ltr'>diademate</span> <span class='ocrx_word' id='word_1_181' title='bbox 916 2402 1009 2486; x_wconf 83' lang='lat' dir='ltr'>regni</span> 
     </span>
     <span class='ocr_line' id='line_1_27' title="bbox 175 2476 1015 2561; baseline 0.011 -21"><span class='ocrx_word' id='word_1_182' title='bbox 175 2544 182 2557; x_wconf 57' lang='grc'><strong>,</strong></span> <span class='ocrx_word' id='word_1_183' title='bbox 235 2476 431 2561; x_wconf 82' lang='lat' dir='ltr'>Splendebat</span> <span class='ocrx_word' id='word_1_184' title='bbox 444 2481 514 2544; x_wconf 87' lang='lat' dir='ltr'>fera</span> <span class='ocrx_word' id='word_1_185' title='bbox 529 2486 613 2546; x_wconf 87' lang='lat' dir='ltr'>serta</span> <span class='ocrx_word' id='word_1_186' title='bbox 627 2483 721 2548; x_wconf 88' lang='lat' dir='ltr'>locat.</span> <span class='ocrx_word' id='word_1_187' title='bbox 752 2485 881 2549; x_wconf 87' lang='lat' dir='ltr'>laudata</span> <span class='ocrx_word' id='word_1_188' title='bbox 895 2486 1015 2549; x_wconf 86' lang='lat' dir='ltr'>recedit</span> 
     </span>
     <span class='ocr_line' id='line_1_28' title="bbox 236 2561 1114 2633; baseline 0.009 -9"><span class='ocrx_word' id='word_1_189' title='bbox 236 2561 364 2625; x_wconf 83' lang='lat' dir='ltr'>Colchis</span> <span class='ocrx_word' id='word_1_190' title='bbox 380 2566 412 2625; x_wconf 90' lang='lat' dir='ltr'>et</span> <span class='ocrx_word' id='word_1_191' title='bbox 427 2563 584 2630; x_wconf 86' lang='lat' dir='ltr'>infaustas</span> <span class='ocrx_word' id='word_1_192' title='bbox 598 2572 794 2632; x_wconf 89' lang='lat' dir='ltr'>uomuerunt</span> <span class='ocrx_word' id='word_1_193' title='bbox 808 2590 942 2633; x_wconf 90' lang='lat' dir='ltr'>munera</span> <span class='ocrx_word' id='word_1_194' title='bbox 956 2569 1114 2633; x_wconf 79' lang='lat' dir='ltr'>flammas,</span> 
     </span>
     <span class='ocr_line' id='line_1_29' title="bbox 233 2641 1136 2737; baseline 0.011 -31"><span class='ocrx_word' id='word_1_195' title='bbox 233 2641 302 2707; x_wconf 90' lang='lat' dir='ltr'>Has</span> <span class='ocrx_word' id='word_1_196' title='bbox 312 2645 440 2709; x_wconf 80' lang='lat' dir='ltr'>radiens</span> <span class='ocrx_word' id='word_1_197' title='bbox 451 2670 527 2712; x_wconf 91' lang='lat' dir='ltr'>nam</span> <span class='ocrx_word' id='word_1_198' title='bbox 535 2649 686 2715; x_wconf 89' lang='lat' dir='ltr'>Phoebus</span> <span class='ocrx_word' id='word_1_199' title='bbox 701 2652 768 2716; x_wconf 92' lang='lat' dir='ltr'>alit.</span> <span class='ocrx_word' id='word_1_200' title='bbox 796 2653 860 2716; x_wconf 86' lang='lat' dir='ltr'>iam</span> <span class='ocrx_word' id='word_1_201' title='bbox 875 2658 1019 2717; x_wconf 89' lang='lat' dir='ltr'>creuerat</span> <span class='ocrx_word' id='word_1_202' title='bbox 1034 2653 1136 2737; x_wconf 79' lang='lat' dir='ltr'>ignis,</span> 
     </span>
     <span class='ocr_line' id='line_1_30' title="bbox 233 2725 952 2821; baseline 0.019 -33"><span class='ocrx_word' id='word_1_203' title='bbox 233 2725 347 2790; x_wconf 89' lang='lat' dir='ltr'>Uritur</span> <span class='ocrx_word' id='word_1_204' title='bbox 361 2728 508 2811; x_wconf 85' lang='lat' dir='ltr'>ingratus</span> <span class='ocrx_word' id='word_1_205' title='bbox 523 2738 595 2797; x_wconf 86' lang='lat' dir='ltr'>usta</span> <span class='ocrx_word' id='word_1_206' title='bbox 609 2757 682 2799; x_wconf 88' lang='lat' dir='ltr'>cum</span> <span class='ocrx_word' id='word_1_207' title='bbox 696 2736 823 2821; x_wconf 86' lang='lat' dir='ltr'>uirgine</span> <span class='ocrx_word' id='word_1_208' title='bbox 838 2740 952 2820; x_wconf 85' lang='lat' dir='ltr'>nauta,</span> 
     </span>
     <span class='ocr_line' id='line_1_31' title="bbox 169 2809 1047 2901; baseline 0.013 -29"><span class='ocrx_word' id='word_1_209' title='bbox 169 2823 220 2872; x_wconf 84' lang='lat'>520</span> <span class='ocrx_word' id='word_1_210' title='bbox 233 2809 314 2876; x_wconf 88' lang='lat' dir='ltr'>Cum</span> <span class='ocrx_word' id='word_1_211' title='bbox 329 2832 449 2896; x_wconf 81' lang='lat' dir='ltr'>genero</span> <span class='ocrx_word' id='word_1_212' title='bbox 463 2819 622 2900; x_wconf 89' lang='lat' dir='ltr'>nataeque</span> <span class='ocrx_word' id='word_1_213' title='bbox 637 2824 731 2901; x_wconf 83' lang='lat' dir='ltr'>parat</span> <span class='ocrx_word' id='word_1_214' title='bbox 745 2841 927 2885; x_wconf 86' lang='lat' dir='ltr'>succurrere</span> <span class='ocrx_word' id='word_1_215' title='bbox 942 2824 1047 2885; x_wconf 88' lang='lat' dir='ltr'>rector</span> 
     </span>
    </p>
   </div>
   <div class='ocr_carea' id='block_1_3' title="bbox 168 3018 1139 3159">
    <p class='ocr_par' dir='ltr' id='par_1_3' title="bbox 168 3018 1139 3159">
     <span class='ocr_line' id='line_1_32' title="bbox 237 3018 1138 3087; baseline 0.01 -21"><span class='ocrx_word' id='word_1_216' title='bbox 237 3019 286 3067; x_wconf 83' lang='lat'>491</span> <span class='ocrx_word' id='word_1_217' title='bbox 306 3018 378 3083; x_wconf 86' lang='lat' dir='ltr'>repit</span> <span class='ocrx_word' id='word_1_218' title='bbox 394 3034 462 3069; x_wconf 81' lang='lat' dir='ltr'>corr.</span> <span class='ocrx_word' id='word_1_219' title='bbox 481 3019 576 3070; x_wconf 79' lang='lat' dir='ltr'>Buect.</span> <span class='ocrx_word' id='word_1_220' title='bbox 644 3023 696 3072; x_wconf 83' lang='lat'>494</span> <span class='ocrx_word' id='word_1_221' title='bbox 718 3040 832 3073; x_wconf 87' lang='lat' dir='ltr'>munera</span> <span class='ocrx_word' id='word_1_222' title='bbox 849 3042 919 3075; x_wconf 84' lang='lat' dir='ltr'>corr.</span> <span class='ocrx_word' id='word_1_223' title='bbox 938 3026 1034 3077; x_wconf 77' lang='lat' dir='ltr'>Bueclr.</span> <span class='ocrx_word' id='word_1_224' title='bbox 1052 3026 1088 3087; x_wconf 77' lang='lat' dir='ltr'>ef.</span> <span class='ocrx_word' id='word_1_225' title='bbox 1108 3042 1138 3075; x_wconf 79' lang='lat' dir='ltr'>a.</span> 
     </span>
     <span class='ocr_line' id='line_1_33' title="bbox 168 3082 1139 3159; baseline 0.011 -27"><span class='ocrx_word' id='word_1_226' title='bbox 168 3084 218 3132; x_wconf 78' lang='grc'><strong>599</strong></span> <span class='ocrx_word' id='word_1_227' title='bbox 234 3082 239 3147; x_wconf 90' lang='grc' dir='ltr'>Ι</span> <span class='ocrx_word' id='word_1_228' title='bbox 254 3083 358 3135; x_wconf 84' lang='lat' dir='ltr'>Glauce</span> <span class='ocrx_word' id='word_1_229' title='bbox 423 3088 473 3137; x_wconf 86' lang='grc'><strong>495</strong></span> <span class='ocrx_word' id='word_1_230' title='bbox 490 3096 550 3137; x_wconf 82' lang='lat' dir='ltr'>ante</span> <span class='ocrx_word' id='word_1_231' title='bbox 568 3088 710 3153; x_wconf 83' lang='lat' dir='ltr'>amplexus</span> <span class='ocrx_word' id='word_1_232' title='bbox 727 3094 872 3155; x_wconf 76' lang='lat' dir='ltr'>praefixum</span> <span class='ocrx_word' id='word_1_233' title='bbox 889 3095 983 3159; x_wconf 72' lang='lat' dir='ltr'>lepitur</span> <span class='ocrx_word' id='word_1_234' title='bbox 1001 3110 1018 3159; x_wconf 78' lang='lat' dir='ltr'>q</span> <span class='ocrx_word' id='word_1_235' title='bbox 1081 3095 1139 3143; x_wconf 84' lang='grc'>499</span> 
     </span>
    </p>
   </div>
   <div class='ocr_carea' id='block_1_4' title="bbox 165 3163 1143 3442">
    <p class='ocr_par' dir='ltr' id='par_1_4' title="bbox 165 3163 1143 3442">
     <span class='ocr_line' id='line_1_34' title="bbox 168 3163 1141 3241; baseline 0.016 -30"><span class='ocrx_word' id='word_1_236' title='bbox 168 3164 265 3218; x_wconf 73' lang='lat' dir='ltr'>Rueck.</span> <span class='ocrx_word' id='word_1_237' title='bbox 288 3174 381 3220; x_wconf 81' lang='lat' dir='ltr'>mauult</span> <span class='ocrx_word' id='word_1_238' title='bbox 407 3177 507 3237; x_wconf 83' lang='lat' dir='ltr'>uergat</span> <span class='ocrx_word' id='word_1_239' title='bbox 592 3175 641 3223; x_wconf 88' lang='lat'>501</span> <span class='ocrx_word' id='word_1_240' title='bbox 664 3175 795 3238; x_wconf 82' lang='lat' dir='ltr'>prohibes</span> <span class='ocrx_word' id='word_1_241' title='bbox 881 3180 931 3229; x_wconf 87' lang='grc'>503</span> <span class='ocrx_word' id='word_1_242' title='bbox 952 3163 1035 3229; x_wconf 68' lang='lat' dir='ltr'>mihis</span> <span class='ocrx_word' id='word_1_243' title='bbox 1062 3180 1141 3241; x_wconf 81' lang='lat' dir='ltr'>qaod</span> 
     </span>
     <span class='ocr_line' id='line_1_35' title="bbox 165 3234 1139 3308; baseline 0.016 -31"><span class='ocrx_word' id='word_1_244' title='bbox 165 3234 242 3293; x_wconf 83' lang='lat' dir='ltr'>perui</span> <span class='ocrx_word' id='word_1_245' title='bbox 268 3241 398 3298; x_wconf 75' lang='lat' dir='ltr'>temptauit</span> <span class='ocrx_word' id='word_1_246' title='bbox 419 3238 517 3293; x_wconf 79' lang='lat' dir='ltr'>Bacch.</span> <span class='ocrx_word' id='word_1_247' title='bbox 590 3242 640 3292; x_wconf 78' lang='lat'>507</span> <span class='ocrx_word' id='word_1_248' title='bbox 664 3242 731 3292; x_wconf 85' lang='lat' dir='ltr'>dant</span> <span class='ocrx_word' id='word_1_249' title='bbox 753 3260 822 3295; x_wconf 85' lang='lat' dir='ltr'>corr.</span> <span class='ocrx_word' id='word_1_250' title='bbox 841 3244 937 3295; x_wconf 78' lang='lat' dir='ltr'>Bacch.</span> <span class='ocrx_word' id='word_1_251' title='bbox 957 3245 962 3305; x_wconf 87' lang='grc' dir='ltr'>Ι</span> <span class='ocrx_word' id='word_1_252' title='bbox 982 3240 1139 3308; x_wconf 61' lang='lat' dir='ltr'>tantalus.</span> 
     </span>
     <span class='ocr_line' id='line_1_36' title="bbox 166 3301 1140 3375; baseline 0.016 -30"><span class='ocrx_word' id='word_1_253' title='bbox 166 3312 247 3361; x_wconf 79' lang='lat' dir='ltr'>supra</span> <span class='ocrx_word' id='word_1_254' title='bbox 264 3301 313 3348; x_wconf 90' lang='grc'>491</span> <span class='ocrx_word' id='word_1_255' title='bbox 327 3303 332 3364; x_wconf 89' lang='grc' dir='ltr'>Ι</span> <span class='ocrx_word' id='word_1_256' title='bbox 350 3305 523 3367; x_wconf 87' lang='lat' dir='ltr'>sepulchrum</span> <span class='ocrx_word' id='word_1_257' title='bbox 582 3310 633 3360; x_wconf 89' lang='grc'>508</span> <span class='ocrx_word' id='word_1_258' title='bbox 650 3310 740 3374; x_wconf 88' lang='lat' dir='ltr'>pelice</span> <span class='ocrx_word' id='word_1_259' title='bbox 759 3310 858 3375; x_wconf 67' lang='lat' dir='ltr'>ibuste</span> <span class='ocrx_word' id='word_1_260' title='bbox 870 3314 939 3375; x_wconf 82' lang='lat' dir='ltr'>quod</span> <span class='ocrx_word' id='word_1_261' title='bbox 949 3326 1026 3375; x_wconf 74' lang='lat' dir='ltr'>aepre</span> <span class='ocrx_word' id='word_1_262' title='bbox 1038 3310 1140 3373; x_wconf 76' lang='lat' dir='ltr'>defen-</span> 
     </span>
     <span class='ocr_line' id='line_1_37' title="bbox 167 3365 1143 3442; baseline 0.014 -28"><span class='ocrx_word' id='word_1_263' title='bbox 167 3365 215 3414; x_wconf 77' lang='lat' dir='ltr'>dar</span> <span class='ocrx_word' id='word_1_264' title='bbox 232 3370 402 3427; x_wconf 70' lang='lat' dir='ltr'>oppositionis</span> <span class='ocrx_word' id='word_1_265' title='bbox 423 3376 521 3423; x_wconf 81' lang='lat' dir='ltr'>nomine</span> <span class='ocrx_word' id='word_1_266' title='bbox 590 3378 640 3428; x_wconf 89' lang='grc'><strong>510</strong></span> <span class='ocrx_word' id='word_1_267' title='bbox 658 3378 774 3442; x_wconf 87' lang='lat' dir='ltr'>Tempus</span> <span class='ocrx_word' id='word_1_268' title='bbox 793 3384 837 3427; x_wconf 85' lang='lat' dir='ltr'>est</span> <span class='ocrx_word' id='word_1_269' title='bbox 855 3381 1016 3441; x_wconf 76' lang='lat' dir='ltr'>corruptelae</span> <span class='ocrx_word' id='word_1_270' title='bbox 1033 3378 1143 3441; x_wconf 63' lang='lat' dir='ltr'>nonum</span> 
     </span>
    </p>
   </div>
   <div class='ocr_carea' id='block_1_5' title="bbox 165 3434 1140 3572">
    <p class='ocr_par' dir='ltr' id='par_1_5' title="bbox 165 3434 1140 3572">
     <span class='ocr_line' id='line_1_38' title="bbox 165 3434 1140 3503; baseline 0.019 -25"><span class='ocrx_word' id='word_1_271' title='bbox 165 3434 343 3494; x_wconf 74' lang='lat' dir='ltr'>imerporr&#39;tum</span> <span class='ocrx_word' id='word_1_272' title='bbox 411 3438 459 3485; x_wconf 89' lang='grc'><strong>511</strong></span> <span class='ocrx_word' id='word_1_273' title='bbox 477 3436 515 3503; x_wconf 91' lang='lat' dir='ltr'>et]</span> <span class='ocrx_word' id='word_1_274' title='bbox 531 3442 597 3502; x_wconf 77' lang='lat' dir='ltr'>sort.</span> <span class='ocrx_word' id='word_1_275' title='bbox 610 3448 642 3493; x_wconf 86' lang='lat' dir='ltr'>ut</span> <span class='ocrx_word' id='word_1_276' title='bbox 709 3446 758 3493; x_wconf 82' lang='lat'>513</span> <span class='ocrx_word' id='word_1_277' title='bbox 776 3448 904 3493; x_wconf 85' lang='lat' dir='ltr'>auratam</span> <span class='ocrx_word' id='word_1_278' title='bbox 922 3444 951 3493; x_wconf 91' lang='lat' dir='ltr'>in</span> <span class='ocrx_word' id='word_1_279' title='bbox 969 3444 1060 3493; x_wconf 83' lang='lat' dir='ltr'>fronte</span> <span class='ocrx_word' id='word_1_280' title='bbox 1078 3446 1140 3500; x_wconf 77' lang='lat' dir='ltr'>det.</span> 
     </span>
     <span class='ocr_line' id='line_1_39' title="bbox 166 3496 758 3572; baseline 0.02 -28"><span class='ocrx_word' id='word_1_281' title='bbox 166 3496 262 3546; x_wconf 77' lang='lat' dir='ltr'>Bacch.</span> <span class='ocrx_word' id='word_1_282' title='bbox 332 3500 381 3547; x_wconf 88' lang='grc'>516</span> <span class='ocrx_word' id='word_1_283' title='bbox 399 3498 547 3563; x_wconf 85' lang='lat' dir='ltr'>Spledebat</span> <span class='ocrx_word' id='word_1_284' title='bbox 564 3510 724 3572; x_wconf 85' lang='lat' dir='ltr'>splendebat</span> <span class='ocrx_word' id='word_1_285' title='bbox 742 3526 758 3572; x_wconf 78' lang='lat' dir='ltr'>p</span> 
     </span>
    </p>
   </div>
   <div class='ocr_carea' id='block_1_6' title="bbox 0 0 1278 3917">
    <p class='ocr_par' dir='ltr' id='par_1_6' title="bbox 0 0 1278 3917">
     <span class='ocr_line' id='line_1_40' title="bbox 0 0 1278 3917; baseline 0 0"><span class='ocrx_word' id='word_1_286' title='bbox 0 0 1278 3917; x_wconf 95' lang='lat' dir='ltr'> </span> 
     </span>
    </p>
   </div>
  </div>
 </body>
</html>
