2500 3917
406 230 409 237 ’
511 269 641 319 111-51

159 414 264 499 Uirgo
280 415 372 478 ferox
387 436 479 497 sexu,
495 415 600 501 fugiet
615 417 763 500 uiresque
780 417 908 482 fatiscet

102 514 140 561 30
155 498 204 563 Ut
222 500 307 563 solas
321 501 438 563 tractet
452 499 571 563 reiecta
586 501 714 583 cuspide
729 501 829 564 lanas.

156 584 279 648 Noster
293 580 395 647 Sirius
411 587 460 646 est
473 582 577 647 ardor.
610 584 782 667 Neptunus
797 585 952 650 anhelans

157 669 296 730 Aestuet
309 666 395 730 inter
411 688 508 749 aquas
523 668 589 731 telo
604 668 788 731 flammante
803 690 861 751 per
875 671 993 753 undas,

155 751 238 833 Igne
253 771 325 815 mec
345 750 518 814 uincentur
533 771 650 834 aquae,
671 752 870 816 fumantibus
885 753 979 817 undis

156 834 307 898 Tritones
324 832 474 916 Galatea,
490 834 609 899 Thetin
624 835 791 918 delphines
805 838 973 901 amabunt:

100 931 137 978 35
157 916 322 1001 Quidquid
336 918 451 982 fluctus
465 918 564 981 habet
579 922 685 982 toturn
700 919 856 984 succendo
871 922 1041 1004 pharetris.

155 1000 232 1065 Siue
240 1051 249 1083 ,
264 1023 396 1084 parens,
412 1006 504 1085 optas
519 1002 666 1066 homines
681 1004 732 1067 his
746 1004 876 1087 ignibus
891 1010 980 1070 ustos

155 1085 306 1150 Inlicitcs
321 1086 443 1149 uiolare
458 1090 563 1168 toros,
579 1091 697 1151 utnon
712 1087 767 1170 pia
781 1088 882 1171 patris

154 1168 276 1233 Oscula
289 1173 366 1233 nata
379 1173 470 1253 petat
483 1190 543 1233 nec
557 1173 653 1233 natus
667 1172 778 1235 matris
793 1177 918 1236 amator
1067 1193 1100 1242 [a
1114 1190 1139 1234 31

150 1251 258 1316 Dulce
272 1252 364 1317 nefas
379 1254 489 1337 cupiat
502 1253 603 1316 frater
617 1254 774 1337 uitietque
790 1278 933 1321 sororem

98 1348 135 1397 40
150 1336 376 1420 Priuignoque
391 1358 450 1400 suo
464 1338 607 1420 potiatur
620 1338 739 1400 blanda
753 1359 907 1403 nouerca:

149 1420 249 1483 Alter
264 1420 325 1484 erit
338 1420 490 1485 Perdicca
503 1420 615 1484 furens
630 1424 726 1503 atque
742 1422 843 1485 altera
857 1422 1005 1508 Myrrha,

148 1504 302 1587 Iuppiter
316 1504 397 1567 alter
412 1505 472 1567 erit
486 1506 579 1568 terris
594 1504 633 1567 de
649 1506 747 1569 fratre
763 1506 907 1571 maritus.

148 1587 261 1651 Parua
275 1587 398 1671 loquor.
429 1594 537 1671 tauro,
553 1589 581 1651 si
596 1590 741 1671 iusseris,
757 1590 859 1655 altera
873 1592 958 1676 regis

146 1670 352 1734 Flammetur
366 1672 484 1735 coniux
498 1671 648 1736 reddetur
663 1677 696 1737 et
710 1673 811 1737 altera
825 1673 994 1740 Phaedra.'

93 1766 129 1814 45
145 1753 262 1818 Athis
277 1754 363 1819 laeta
376 1754 488 1819 Uenus
503 1756 596 1820 uultu
611 1761 735 1821 mutata
746 1762 906 1821 renarrat:

149 1838 324 1921 ‘Impubes
338 1838 456 1902 lasciue
471 1860 552 1922 puer
566 1840 618 1904 cui
634 1841 777 1905 subiacet
791 1864 886 1906 omne

147 1921 246 1997 Quod
260 1926 377 1986 natura
392 1927 492 1999 creat,
510 1923 633 1986 caelum
648 1946 735 1987 mare
750 1924 854 1987 sidera
868 1925 981 2007 tellus,

144 2006 255 2070 Nemo
271 2010 364 2070 notet
375 2004 536 2071 Uenerem
549 2007 635 2089 quod
645 2008 780 2090 supplex
791 2012 893 2071 mater
904 2030 1051 2073 amorum

143 2089 241 2174 Ignis
257 2112 351 2172 opem
368 2091 405 2153 de
420 2090 511 2173 prole
526 2095 630 2175 rogat.
665 2113 740 2155 nam
755 2113 887 2155 munere
902 2093 937 2155 in
951 2093 1015 2157 isto

92 2186 127 2233 50
143 2172 304 2248 Quamuis
315 2174 358 2237 sit
370 2176 548 2239 communis
558 2175 665 2239 honor
675 2178 794 2257 tamen,
806 2176 897 2252 alme,
909 2176 1050 2241 fatemur

75 2287 81 2292 ·
147 2256 235 2321 Hinc
250 2278 370 2321 numen
386 2258 459 2341 plus
474 2279 567 2341 posse
582 2263 683 2322 tuum.
715 2259 856 2322 lamenta
870 2262 1014 2342 parentis

143 2340 182 2405 Si
197 2342 305 2423 placet
320 2342 448 2424 ulcisci,
464 2343 573 2425 paucis
589 2344 733 2423 aduerte,
750 2342 887 2406 docebo:

140 2424 383 2508 Nympharum,
394 2448 474 2508 puer
485 2426 575 2508 alme,
590 2426 706 2490 chorus
715 2426 789 2488 dum
799 2447 899 2508 pensa
907 2427 1049 2491 reuoluit

141 2508 250 2571 Penei
265 2511 324 2572 sub
339 2510 431 2573 fonte
447 2510 496 2573 sui
514 2547 548 2556 -
566 2510 666 2592 pudet
681 2530 735 2572 ore
750 2509 869 2572 referre
884 2547 926 2556 —

89 2604 125 2651 55
143 2590 233 2656 Solis
249 2596 355 2657 amata
370 2593 457 2657 canit
472 2592 622 2675 Clymene
637 2614 709 2656 mea
724 2593 858 2656 crimina
872 2592 1033 2677 Nymphis

139 2674 264 2757 Meque
277 2697 334 2741 suc
347 2698 497 2759 prensam
508 2676 676 2760 Nymphas
691 2681 803 2741 monet
816 2676 920 2741 indice
933 2677 1018 2761 Sole,

140 2757 350 2843 Uulcanique
366 2764 484 2824 sonant
501 2762 629 2843 captiuo
645 2760 749 2825 Marte
765 2766 903 2825 catenas.

140 2840 226 2915 Quis
242 2844 352 2907 audire
365 2844 446 2908 libet
460 2844 498 2908 de
512 2850 624 2908 nostra
638 2845 726 2909 clade
742 2850 920 2909 canentem.

140 2925 209 2991 Sed
224 2926 251 2989 si
268 2926 306 2990 de
321 2928 415 2992 nobis
434 2932 517 2992 certe
533 2931 662 2991 cantare
678 2929 839 3013 placebat,

142 3064 181 3113 29
201 3064 309 3113 fatetur
320 3067 389 3129 quod
402 3067 479 3128 posui
492 3070 623 3129 temptauit
634 3067 731 3116 Bacch.
786 3068 819 3115 30
831 3065 906 3113 solus
921 3062 924 3129 Ι
938 3069 1046 3116 retecta

68 3134 102 3180 31
124 3131 221 3179 sireus
238 3129 242 3195 Ι
258 3136 356 3181 auctor
378 3148 447 3182 corr.
466 3131 560 3183 Buecla
577 3132 582 3197 Ι
597 3134 760 3197 Neptunnus
833 3132 866 3181 36
890 3130 921 3181 Si
944 3148 1046 3196 parens

67 3199 185 3266 optapis
212 3202 377 3261 corruptelae
403 3201 498 3263 ciprum
523 3201 610 3263 uersat
636 3201 818 3263 praepositum.
857 3215 925 3249 1111.
949 3200 1046 3249 Bacch.

67 3267 102 3315 38
118 3272 248 3328 praestat
260 3265 304 3313 uel
355 3268 388 3314 41
406 3265 519 3329 perdica
534 3264 538 3329 Ι
554 3282 645 3329 myrra
696 3269 729 3315 43
742 3271 835 3316 tauros
885 3269 920 3317 44
937 3267 1047 3317 Phedra

64 3334 102 3381 45
121 3332 250 3391 conferas
267 3332 308 3381 IX
325 3334 358 3383 89
434 3334 633 3397 461mpudens
653 3349 721 3384 corr.
739 3332 836 3383 Bueclz.
907 3337 941 3383 48
964 3340 1047 3384 notat

65 3414 140 3449 corr.
158 3398 259 3448 Buech.
321 3400 355 3448 49
374 3414 453 3463 opem
469 3415 539 3449 corr.
560 3417 594 3450 erc
612 3415 680 3464 opes
742 3401 776 3450 50
792 3402 833 3449 bic
850 3416 940 3451 uersus
957 3404 1046 3451 eodem

65 3482 119 3529 quo
137 3481 235 3515 uersus
253 3468 286 3515 10
302 3468 376 3515 modo
394 3469 503 3531 marpini
518 3469 664 3529 adscriptus
682 3471 839 3533 numerisque
856 3475 988 3531 exemptus
1006 3476 1045 3517 est

64 3535 102 3581 54
120 3533 234 3583 Poenei
303 3535 336 3583 55
356 3532 477 3583 Climene
547 3536 579 3584 58
598 3534 674 3595 Quas
691 3549 761 3583 corr.
779 3534 874 3584 Buecb.

805 3619 838 3664 1⁸
