2500 3917
166 220 208 283 62
536 222 667 273 nunna

229 372 341 434 Aeetia
354 372 489 435 immitia
502 370 614 436 forsan
626 364 817 435 maetandus
831 369 872 434 ad
887 392 969 434 aras.

180 469 215 515 aa
228 454 329 537 Eripe
342 456 508 539 oapiiuum
522 456 665 520 retinent
679 477 775 539 quem
790 455 879 518 mille
893 458 1036 536 catenae,

230 538 326 603 Mitte
338 539 560 623 pharetratum
574 562 722 623 puerum,
736 561 809 603 mea
823 538 953 622 Cypria,
967 541 1139 620 Amorem,

78 624 110 673 11²·
124 624 159 672 ⁷9]
228 622 310 707 Igne
323 628 382 687 tuo
395 624 560 689 flammata
573 624 667 688 eadat
680 622 856 687 furibunda
869 624 994 707 airaga,

228 707 341 771 Diaaat
354 730 461 773 amare
474 708 576 790 furor,
590 708 723 772 tandem
737 709 781 771 ait
794 706 913 771 blanda
927 706 1088 791 sacerdoS,

228 791 363 874 Templa
376 793 581 875 pharetratae
595 798 783 857 contemnat
795 793 892 875 uirgo
906 790 1042 875 Dianae,

180 887 214 935 65
228 874 396 957 Despiciat
408 876 543 940 delubra
556 876 642 940 deae.
670 877 748 941 licet
761 878 931 939 immemor
946 878 1050 939 armet

228 958 409 1043 Religionis
423 983 514 1026 amor
527 962 664 1024 timeant
677 982 737 1024 nee
750 960 877 1023 tulmen
891 964 1047 1043 amantes,

229 1042 275 1106 Te
289 1044 391 1107 solam
406 1049 500 1126 putet
513 1066 582 1107 esse
597 1044 699 1125 deam,
713 1048 746 1108 te
760 1066 882 1108 numen
897 1044 1018 1127 adoret,

227 1126 274 1190 Te
288 1131 412 1192 metuat
424 1129 597 1191 metuenda
610 1130 693 1210 deis,
706 1133 739 1191 te
754 1129 875 1192 iudicet
889 1149 988 1192 uuam

228 1208 332 1284 Qumn
345 1232 433 1275 mare
447 1234 544 1296 quam
564 1212 661 1276 tellus
676 1234 773 1295 quam
793 1213 930 1277 numina
950 1215 1067 1277 cuneta
1089 1210 1137 1275 fa·

875 1301 987 1360 tantur

178 1388 212 1437 ⁷0
225 1377 366 1460 Imperio
382 1380 526 1443 subiecta
539 1385 596 1445 tuo
610 1403 670 1463 per
683 1381 804 1464 templa
818 1403 877 1464 per
891 1402 964 1444 aras

226 1461 307 1525 Esse
322 1464 527 1546 uoluptatum
541 1464 720 1546 dominam,
736 1487 817 1548 quaa
832 1466 930 1529 eorda
943 1466 1091 1548 parentis

226 1544 345 1609 Flectis
359 1551 393 1610 et
407 1553 538 1623 exutam
552 1548 619 1611 telo
634 1549 790 1612 candente
805 1548 989 1613 Tonantem

227 1625 393 1710 Despiciat
405 1653 457 1693 me
472 1654 567 1713 saepe
581 1632 673 1695 iubes
687 1655 747 1696 nec
762 1637 869 1697 castus
882 1632 1059 1716 Olympum

225 1709 406 1795 Destinat,
421 1715 464 1777 ait
478 1719 516 1777 ut
529 1715 633 1779 imber
648 1717 734 1800 olor,
749 1718 923 1782 bacchetur
938 1717 1075 1800 adulter,

176 1804 209 1852 75
224 1792 286 1856 Uel
302 1815 505 1880 quocumque
518 1820 626 1862 meum
641 1800 763 1882 placuit
776 1806 902 1865 mutare
916 1802 1080 1865 maritum.

224 1876 258 1939 N
259 1898 303 1941 011
317 1900 451 1961 queror:
466 1883 662 1947 Aesonidem
677 1889 804 1949 tantum
819 1890 895 1969 peto
910 1886 979 1949 filia
994 1886 1082 1971 regis

224 1960 258 2023 N
258 1982 322 2024 uno
336 1970 423 2028 amet
437 1970 470 2029 et
483 1966 601 2050 laudet,
616 1990 692 2031 mox
707 1968 793 2032 huno
809 1970 949 2052 suspirat
964 1970 1100 2034 anhelet

225 2042 327 2115 Quem
341 2052 483 2112 mactare
497 2055 604 2133 parat,
618 2053 727 2116 soluat
741 2054 865 2117 oeruiaa
880 2058 1011 2118 catenas

223 2123 423 2218 Torpesoena
437 2138 561 2196 armata
574 2156 699 2219 manus,
715 2137 767 2202 oui
781 2137 914 2201 brachia
928 2138 1050 2202 collum

173 2216 208 2263 80
223 2206 442 2303 Ciroumdent,
460 2221 489 2278 et
502 2237 612 2282 mucro
629 2220 722 2284 eadat
736 2221 864 2285 ieiunus
878 2224 918 2285 ad
935 2231 1030 2286 araa’

220 2287 367 2356 Fmrerat
381 2302 531 2363 matrona
545 2300 643 2366 Iouis.
674 2306 720 2367 sio
734 2327 808 2369 orsa
822 2305 946 2370 Dione:

222 2369 293 2437 ‘Me
308 2373 472 2471 Uenerem
485 2405 546 2467 me,
560 2385 654 2469 Iuno,
669 2388 761 2453 decet
775 2411 836 2472 me,
847 2390 967 2453 blanda
977 2377 1146 2475 noueroaj

219 2452 361 2537 Imperio
375 2484 490 2543 parere
505 2473 578 2533 tuo:
594 2472 672 2555 quid
685 2474 780 2556 plura
794 2474 989 2556 loquemur?
1088 2488 1094 2499 ‘

220 2534 370 2635 Oderunt
381 2566 457 2611 mea
471 2557 577 2618 eastra
590 2564 720 2621 morus?
749 2559 794 2621 sia
809 2557 878 2622 fata
893 2558 1035 2642 Cythera

169 2624 201 2670 85
218 2615 352 2687 Quaerit
367 2634 578 2700 amoriferum
593 2661 651 2721 per
664 2644 735 2704 tota
748 2642 872 2705 rosaria
885 2647 1010 2707 natum.

216 2696 276 2761 Ille
291 2702 368 2800 deas
382 2716 480 2791 ponti
494 2720 560 2784 telo
576 2722 762 2789 flammabat
778 2726 813 2789 in
828 2726 923 2791 undis

251 2786 374 2852 aternio
390 2796 568 2867 submissus
583 2808 686 2889 aquis.
715 2808 923 2893 Hymenaeus
937 2811 979 2875 ad
994 2811 1092 2876 illum

213 2859 369 2935 Mittitur.
401 2874 480 2945 huie
495 2884 611 2952 fluetus
625 2893 769 2974 produnt
782 2893 984 2958 fumantibus
998 2895 1110 2959 undis.
1243 2902 1244 2905 ’

346 3088 380 3123 os
402 3089 493 3151 ueryui
515 3102 679 3157 corruptelae
701 3107 762 3149 noia
783 3101 904 3163 praefixa
921 3103 961 3147 est
1031 3096 1065 3147 66
1086 3114 1140 3149 ex-

292 3194 307 3241 b
336 3153 385 3249 3⁶⁶
404 3183 412 3196 ·
435 3165 518 3216 neque
537 3162 601 3209 enim
619 3162 688 3215 licet
709 3168 855 3230 particulae
875 3166 1041 3217 iudicaturum
1060 3166 1140 3215 Dra—

145 3208 393 3318 qarammgrcoffl
409 3216 464 3264 ”5³²⁸
480 3221 507 3269 ’ἢ
519 3230 651 3286 prioribus
669 3234 820 3283 carminibus
832 3248 896 3298 quae
913 3234 1011 3296 puerili
1028 3235 1136 3284 calamo
1240 3272 1241 3277 ,

316 3342 325 3373 ²
376 3351 390 3382 e
460 3287 536 3364 πάγη
549 3298 614 3344 ratio
630 3302 760 3362 perpolito
777 3302 912 3363 scripsisse
929 3301 1035 3349 radetur
1052 3308 1140 3365 alque

159 3387 205 3421 077.
518 3372 565 3409 am.
585 3362 620 3423 cs.
633 3362 673 3411 IX
686 3367 734 3415 211
752 3368 804 3415 uiri.
817 3368 924 3417 indicem
976 3368 1010 3417 66
1029 3367 1143 3419 timent

683 3431 797 3482 .Buecl.
867 3436 900 3484 75
918 3433 1118 3499 quodcumque

693 3497 765 3549 huno
783 3514 852 3550 corr.
862 3500 960 3554 Barca.
