2500 3917
175 232 219 297 64
594 234 726 287 munna

178 398 228 447 120
239 383 363 449 ‘Natus
378 384 483 448 adest'
498 383 605 466 inquit
626 384 756 448 ‘multis
771 385 835 447 iam
850 385 1015 468 spargitur
1029 406 1091 449 aer

240 468 406 550 Floribus,
422 468 582 533 ambrosio
598 472 704 531 totuin
719 469 857 551 respirat
871 468 998 533 odore)

90 571 122 622 [a
137 571 172 620 eu
242 552 330 617 Dum
344 552 489 635 loquitur
502 552 623 616 lasciua
638 550 764 635 Uenus,
780 552 872 616 uenit
887 574 958 617 ecee
974 551 1108 637 Cupido

242 637 394 701 Fessulus
408 640 441 701 et
455 637 579 720 gremio
593 636 705 700 matris
720 637 859 701 libratur
874 636 1030 701 anhelans

244 720 315 796 Quo
330 742 475 785 sessurus
490 725 569 784 erat.
599 742 694 803 quem
709 722 858 802 protinus
872 720 929 785 illa
942 721 1117 785 uolantem

181 817 233 867 125
246 805 390 888 Occupat
404 809 437 869 et
451 804 555 868 crines
571 805 738 887 componit
751 810 855 869 mater
870 806 983 868 Amori
1088 834 1093 845 ·

243 891 292 953 Ac
306 910 443 972 puerum
458 890 625 972 complexa
639 890 730 952 fouet
745 888 825 952 dans
839 888 948 954 oscula
961 893 1050 953 nato.

245 972 298 1037 Sic
312 973 458 1036 blandita
472 973 574 1036 iubet:
599 972 730 1055 ‘Pyrois
745 994 836 1037 meus
852 972 950 1057 ignea
962 970 1080 1036 mundi

244 1058 353 1140 Atque
371 1078 473 1140 uapor
487 1056 623 1120 fecunde
637 1056 705 1141 poli
711 1107 720 1139 ,
736 1057 894 1121 successio
909 1078 1032 1140 rerum,

243 1141 389 1204 Affectus
404 1145 521 1204 natura
534 1162 637 1225 genus
652 1141 726 1205 fons
742 1145 856 1205 auctor
869 1142 977 1225 origo,

183 1236 233 1286 130
244 1224 295 1288 Tu
308 1225 395 1288 uitae
410 1224 547 1289 fecunda
562 1226 648 1289 salus
663 1231 699 1290 tu
714 1224 834 1289 blanda
848 1225 999 1308 uoluptas

246 1309 295 1373 Tu
310 1309 461 1392 princeps
474 1309 620 1392 pietatis,
636 1314 754 1393 Amor,
775 1314 808 1374 te
825 1310 983 1393 praeduce
998 1308 1128 1373 mundo

246 1394 421 1457 Alternant
435 1393 594 1457 elementa
608 1395 694 1459 uices
709 1399 742 1458 et
755 1416 824 1459 non
839 1395 925 1477 perit
939 1394 1037 1476 orbis,

247 1476 328 1542 (lum
343 1482 478 1560 pereant
491 1498 710 1561 quaecumque
725 1484 822 1561 creat,
845 1500 905 1543 nec
922 1479 1023 1542 sentit
1042 1476 1165 1541 adem·

916 1566 988 1626 tum

246 1642 403 1707 Successu
418 1644 570 1708 redeunte
585 1666 682 1709 nouo.
712 1646 805 1710 uenit
819 1583 1051 1711 eecepnouerca

185 1727 286 1790 135111
299 1727 448 1790 manibus
461 1728 528 1790 iam
541 1728 624 1791 Iuno
640 1729 720 1792 meis
735 1730 933 1813 supplexque
949 1732 1096 1794 locatum

249 1809 337 1884 Quae
352 1810 482 1875 fuerant
496 1811 639 1894 optanda
652 1812 728 1876 tibi:
751 1812 865 1878 Medea
879 1814 1029 1878 sacerdos

248 1892 411 1979 Sacrilego
425 1916 507 1977 quae
521 1918 601 1961 uoce
615 1896 700 1961 solet
713 1898 905 1979 compellere
920 1898 1055 1979 caelum,

247 1977 373 2041 Inuitos
388 1980 492 2042 accire
507 1979 598 2062 deos,
614 2001 753 2065 urguere
767 1980 957 2063 Tonantem,

239 2058 334 2122 Dum
349 2062 498 2142 precibus
513 2063 673 2129 elementa
688 2065 793 2147 quatit
808 2088 895 2129 mare
913 2065 1020 2129 sidera
1034 2068 1147 2129 terras

186 2153 235 2201 140
246 2141 406 2205 Naturam
419 2146 550 2210 turbare
565 2148 676 2229 simul,
697 2153 754 2212 tua
768 2150 835 2212 tela
848 2149 998 2213 medullis

246 2222 397 2319 Eiicipiat
410 2264 446 2273 -
459 2228 610 2294 hocIuno
621 2232 706 2314 petit
723 2271 748 2278 -—
760 2233 973 2317 iuuenemque
979 2232 1165 2317 Pelasgum

246 2305 372 2401 Dihgat
389 2314 479 2393 optet
493 2318 578 2377 amet
593 2316 703 2397 cupiat
718 2316 858 2398 suspiret
871 2317 1012 2381 anhelet.

248 2388 412 2456 Sollicitus
427 2399 538 2459 tamen
552 2397 615 2461 ista
629 2420 708 2482 para
729 2404 904 2483 cautusque
919 2405 1103 2474 memento:

247 2471 394 2569 Medeam
409 2478 530 2543 fixurus
546 2482 638 2545 eris.’
670 2483 716 2547 sic
729 2484 798 2548 fata
812 2483 930 2550 Dione.

184 2563 233 2612 145
244 2553 330 2650 Risit
343 2559 447 2623 Amor
468 2564 644 2648 matrisque
660 2568 733 2631 sinu
748 2590 781 2633 se
796 2569 958 2633 subtrahit
973 2568 1051 2651 ales,

247 2635 377 2719 Spicula
393 2664 490 2706 saeua
504 2645 586 2729 legit
600 2650 718 2731 quibus
733 2652 811 2716 olim
827 2651 922 2717 Luna
935 2675 994 2737 per
1009 2653 1147 2717 umbras
1247 2690 1248 2703 κ

247 2717 413 2785 Pastorem
429 2726 594 2821 flammata
609 2738 707 2819 tenet,
724 2758 783 2801 nee
798 2737 936 2801 sustinet
949 2738 1045 2821 ignes

247 2800 340 2865 Luna
356 2803 554 2899 Cupidineoe
570 2812 656 2881 Solis
672 2841 754 2901 quae
770 2821 908 2885 sustinet
923 2822 1036 2885 orbem

247 2883 292 2946 Et
306 2886 417 2983 fratris
432 2893 530 2987 radiis
545 2907 723 2983 conceptus
739 2905 819 2969 lucis
834 2905 976 2988 adoptat.

186 2974 236 3021 150
246 2966 318 3030 Hoc
333 2975 380 3032 ait
394 2981 599 3068 ignipotens:
616 2986 697 3050 ‘telo
712 2987 826 3053 Medea
842 2993 1002 3053 cremetur

247 3048 317 3119 Quo
328 3049 510 3147 Scythicam
523 3068 692 3153 succendit
704 3095 794 3138 amor
806 3073 1018 3157 dominaeque
1028 3071 1168 3136 fauillas

100 3132 132 3179 ἰν·
153 3132 188 3179 ⁸²]
253 3126 422 3199 Excutiam
437 3161 496 3221 per
510 3146 635 3228 templa
649 3154 779 3241 uolans,
796 3163 828 3222 et
841 3158 935 3242 uirgo
950 3160 1087 3221 eruenta

251 3340 299 3390 127
317 3343 407 3395 Pirois
419 3365 585 3435 Qorr‘aptclae
599 3371 674 3431 siquo
689 3382 802 3425 notatum
819 3385 845 3426 el
861 3379 950 3427 nemi
960 3376 987 3440 Β(
998 3385 1062 3429 now
1078 3394 1171 3442 prae-

182 3478 234 3513 no
287 3485 385 3522 rem
432 3434 523 3535 aggeras
541 3431 623 3547 uipgsl
637 3452 668 3564 γρ
671 3444 778 3555 uos133
795 3448 923 3509 suppleuit
941 3444 1040 3494 Bacch.
1113 3447 1173 3498 135
