2500 3917
170 179 213 243 72
587 180 718 231 MEDEA

234 327 379 393 Uentum
394 330 464 392 erat
477 328 517 391 ad
531 326 675 411 Thebas,
690 326 784 411 pellis
799 326 893 389 datur
907 347 1006 390 aurea
1018 326 1102 410 regi.

234 412 373 476 Miratur
386 434 443 475 rex
458 412 526 495 ipse
542 410 662 494 Creon,
677 410 827 475 laudatur
840 410 940 475 Iason

237 496 328 571 Quod
342 495 426 560 freta
438 496 525 641 guod
538 500 642 559 terras
656 496 702 559 111
716 494 795 559 felix
809 494 928 577 praedo
945 496 1095 578 uagetur.

233 579 332 665 Regis
346 585 423 644 nata
459 601 553 643 eoens
562 579 669 643 fuerat
682 580 898 662 pulcherrima
914 576 1036 643 Glauco

170 676 221 725 370
232 664 302 728 Iam
317 664 369 727 cui
384 664 555 747 uirginitas
570 664 664 727 annis
679 667 807 727 matura
821 663 981 727 tumebat:

233 747 322 811 Haec
337 748 393 811 ubi
400 740 575 830 'conspexit
588 748 739 811 iuuenem
746 796 755 828 ,
771 747 934 810 flammata
947 746 1057 809 nitore

234 834 373 895 Aestuat
387 836 419 894 et
434 830 568 895 laudans
582 831 680 894 alieni
695 832 840 894 membra
854 830 961 893 mariti

235 914 336 998 Optat
348 914 467 979 habere
482 915 597 979 uirum.
627 916 737 978 sonuit
751 914 908 998 genitoris
924 914 964 976 ad
978 932 1084 976 aures.

235 998 326 1062 Tune
340 1002 445 1063 rector
459 998 631 1062 Thebanus
646 998 707 1061 ait:
731 999 775 1061 ‘si
789 998 937 1081 Iuppiter
952 1001 1081 1079 auctor,

170 1081 267 1146 37181
282 1081 447 1164 Lachesis,
464 1082 491 1145 si
506 1084 573 1145 fata
587 1082 715 1163 iubent,
730 1082 779 1145 nil
793 1083 862 1164 ipse
877 1080 1038 1145 morabor.

234 1165 409 1249 Progenies
424 1187 496 1229 mea
510 1171 604 1248 turpe
621 1166 725 1248 eupit:
747 1165 880 1229 fortuna
894 1165 1042 1229 fauorem

234 1249 379 1312 Praestet
393 1253 426 1313 et
440 1249 602 1313 innumeri
616 1249 749 1313 laudent
786 1272 820 1313 er
835 1249 939 1313 saecla
953 1252 1100 1331 nepotes.

234 1331 392 1429 llirgineo
408 1332 536 1397 dabitur
549 1333 643 1416 pellis
658 1355 731 1398 cum
768 1338 821 1397 ote
835 1333 979 1480 pudori)

235 1416 378 1480 Fmrerat
392 1418 508 1481 senior.
538 1422 652 1482 uotum
667 1418 822 1501 cognouit
853 1438 932 1481 ason

171 1500 276 1564 310111
349 1505 397 1565 tes
413 1502 515 1564 elatus
532 1502 609 1585 agit.
639 1506 810 1584 praecepta
823 1505 981 1585 tyrannus

233 1582 277 1647 Di
324 1584 395 1647 ndit
409 1606 468 1667 per
481 1606 582 1670 regna
596 1606 732 1667 nocens,
747 1585 867 1649 inuitat
881 1585 1013 1667 iniquus

234 1664 281 1729 Ut
294 1667 429 1730 ueniant
443 1667 484 1729 ad
498 1673 576 1731 uota
590 1668 695 1732 duces.
727 1668 803 1732 dum
816 1669 900 1732 festa
913 1671 1087 1752 parantur,

235 1747 399 1831 Cognouit
413 1749 527 1814 Medea
540 1753 633 1815 nefas
647 1774 708 1817 nee
722 1752 846 1816 tardius
860 1752 942 1816 illud

234 1831 391 1915 Credidit,
407 1834 571 1917 ingratum
585 1858 662 1899 narn
677 1840 821 1902 senserat
834 1837 905 1920 ipsa
918 1836 1081 1900 maritum.

168 1926 220 1976 385
234 1916 320 1979 Ante
337 1916 420 1981 diem
435 1922 544 1983 tamen
558 1919 616 1983 illa
631 1918 743 1983 dolens
758 1942 832 1984 oum
845 1924 993 1984 cerneret
1008 1918 1118 1983 aulam

232 1998 277 2063 Et
290 2020 325 2063 re
348 1999 375 2063 11
390 2000 515 2065 feruere
531 2002 678 2085 domum,
693 2025 766 2067 eum
780 2025 899 2088 magna
912 2007 1071 2087 parantur

232 2081 318 2175 Pran
343 2083 387 2163 ’1,
403 2086 532 2147 uenturi
547 2087 720 2152 mittebant
734 2088 878 2170 praemia
893 2108 1002 2172 reges,

234 2162 408 2245 S1gn0rum
423 2187 533 2230 aursus
549 2171 582 2230 et
594 2169 710 2251 plenae
726 2192 847 2235 eornua
860 2171 957 2235 lunae

232 2244 391 2341 Oaptabat
404 2246 518 2313 Medea
532 2250 653 2316 furens,
684 2255 749 2318 iam
764 2255 922 2319 clauserat
937 2256 1050 2318 orbem

168 2337 219 2387 390
231 2326 373 2472 limma
388 2329 518 2396 sidereis
533 2336 763 2402 transcendens
779 2339 913 2403 saltibus
929 2342 1026 2402 astra.

268 2432 308 2474 ox
324 2410 452 2509 Colebis
468 2436 501 2479 se
517 2420 641 2503 spargit
656 2421 757 2503 aquis,
774 2426 806 2486 et
821 2422 976 2505 sulphura
990 2422 1083 2485 lauro

74 2510 106 2555 n.
120 2509 155 2556 90]
233 2492 314 2556 Cum
328 2497 430 2559 taedis
444 2498 584 2584 fumant,
598 2506 761 2587 purgabat
775 2508 919 2570 membra
934 2504 1099 2587 sacerdos,

229 2574 274 2638 Et
288 2596 436 2658 campum
451 2587 572 2646 secreta
586 2590 702 2667 petens
716 2589 773 2653 ubi
789 2590 877 2653 mille
893 2590 1040 2673 sepulcra

230 2658 392 2722 Adstabat
406 2661 528 2727 deiecta
543 2668 654 2733 oeulos
669 2672 818 2737 confessa
831 2679 972 2754 reatum,

166 2748 216 2797 395
229 2737 274 2801 Et
288 2738 414 2803 Lunam
428 2747 577 2812 manibus
592 2755 693 2817 tensis
709 2777 782 2820 oum
798 2780 878 2822 uoce
892 2760 1060 2840 precatur:

231 2823 419 2917 ‘Astrorum
431 2828 597 2969 prineepS‚
613 2836 783 2920 signorum
797 2842 903 2925 gratia
917 2840 1050 2924 fulgens

229 2902 274 2967 Et
288 2905 368 2968 eaelr
382 2910 430 2969 ste
443 2908 540 2975 lantrs
555 2913 678 3003 honos,
694 2923 844 3007 caliginis
860 2925 962 2989 hostis

189 3167 215 3197 ω
232 3102 282 3150 372
299 3104 412 3154 Aestum
426 3113 455 3157 et
466 3119 631 3179 corruptelae
644 3132 706 3174 nota
718 3131 807 3178 uersat
822 3130 973 3193 praeposita
986 3134 1026 3178 est
1083 3130 1139 3179 380

166 3206 255 3309 elatus
279 3215 339 3277 aigt
357 3220 451 3287 agitp
521 3232 571 3281 382
590 3243 707 3306 sextap
778 3246 829 3295 384
851 3260 902 3295 neo
920 3261 990 3295 corr.
1009 3240 1138 3311 Rueck-l

164 3320 226 3397 ipsa
287 3327 336 3375 387
354 3329 465 3386 Premia
482 3350 595 3397 uenturi
613 3368 685 3406 corr.
703 3357 729 3405 B

162 3400 204 3450 Bu
730 3362 801 3412 ueeb.
867 3365 916 3413 392
934 3363 1044 3412 fumans
1063 3378 1140 3413 corr⁸

205 3404 258 3452 eet.
326 3409 375 3458 393
394 3419 543 3476 sepulchra
611 3437 665 3487 394
683 3439 783 3492 Stabat
801 3462 868 3502 corr.
887 3446 984 3496 Bueel·
