2500 3917
487 282 513 331 x
532 286 665 335 iro-rsa
1014 285 1057 351 55

149 429 321 512 Adprobct
335 429 398 493 hos
413 452 506 495 arcus
521 430 669 497 dominae
689 432 761 515 plus
775 454 869 516 posse
884 434 1053 517 pharetris.

128 574 130 579 s
149 512 301 596 Namque
317 512 426 577 Diana
439 515 539 596 feras,
555 536 667 579 ceruos
682 521 714 580 et
729 516 827 600 figere
842 518 984 583 dammas

84 609 137 657 155
147 598 301 662 Adsolet:
323 598 388 661 hoc
403 598 504 661 telum
519 619 610 682 reges
626 604 658 663 et
672 600 806 664 numina
820 601 917 685 figit'

152 681 316 756 Quattuor
329 681 456 746 interea
469 682 581 746 niueas
596 682 721 746 adstare
736 684 898 749 columbas

153 764 271 849 Cypris
286 786 425 829 amoena
437 765 543 848 iubet,
562 766 662 830 roseis
676 766 845 831 frenantur
859 770 984 851 ahenis,

153 848 301 916 Candida
314 850 461 931 puniceis
475 849 658 914 subduntur
672 849 756 914 colla
772 852 901 934 rosetis,

151 932 239 998 Nam
249 934 328 1017 iuga
336 936 414 997 sunt
420 937 587 1015 compacta
597 935 689 1017 rosis,
699 934 881 999 fertdextra
890 935 1055 1019 flagellum

89 1030 140 1079 160
152 1017 306 1100 Purpura
320 1017 407 1099 quod
421 1016 529 1080 mollis
543 1018 650 1081 tenuis
666 1018 752 1101 quod
767 1020 885 1083 sericus
900 1023 1003 1084 ornat.

151 1100 224 1165 Iam
238 1100 373 1165 uolucer
388 1099 576 1164 conscendit
589 1123 666 1166 aues
681 1106 713 1165 et
729 1101 847 1165 blanda
861 1103 1011 1185 uoluptas

150 1186 182 1249 It
197 1206 316 1266 comes,
334 1184 501 1267 amplexus
512 1185 658 1267 ueniunt,
674 1184 878 1269 Hymenaeus
893 1186 1052 1269 adhaeret,

151 1268 280 1332 Gaudia
295 1272 507 1350 concurrunt,
522 1269 606 1331 risus
621 1273 717 1351 atque
733 1270 841 1333 oscula
854 1275 1004 1355 pergunt.

150 1352 239 1416 Nam
254 1352 332 1416 licet
344 1352 464 1415 Idalias
478 1352 634 1416 sociarint
646 1352 739 1415 frena
753 1352 917 1417 columbas

89 1449 137 1497 165
148 1436 194 1501 Et
208 1437 340 1499 iunctae
354 1458 413 1519 per
427 1441 543 1500 cuncta
557 1436 685 1517 uolent,
707 1440 816 1499 tamen
835 1436 973 1521 impiger
987 1438 1053 1503 ales

148 1520 248 1584 Nunc
263 1519 348 1583 hanc
363 1541 450 1583 nunc
466 1520 556 1582 illam
570 1518 688 1583 residet
701 1520 882 1604 gaudetque
896 1521 1019 1605 iugales

149 1604 221 1668 lam
235 1603 381 1667 releuare
397 1625 471 1667 suas
486 1608 518 1666 et
532 1625 566 1666 se
580 1624 715 1686 pensare
730 1604 850 1668 uolatu.

150 1687 324 1753 Sublatum
339 1687 480 1770 propriis
495 1688 652 1769 persentit
665 1688 700 1751 in
715 1708 789 1751 aera
802 1688 911 1771 pinnis

150 1772 313 1856 Aurigam
328 1772 486 1855 quadriga
501 1770 631 1853 uolans,
647 1772 826 1855 iterumque
842 1773 1005 1837 columbas

90 1867 138 1915 170
149 1856 289 1939 Adpetit
304 1859 336 1919 et
350 1854 510 1939 pharetris
526 1854 660 1918 conlidit
674 1854 769 1919 dorsa
782 1855 959 1920 uolantum.

149 1940 308 2005 Nondum
323 1960 381 2021 per
392 1938 558 2021 Scythicas
572 1938 690 2022 glacies
700 1941 763 2001 stat
777 1939 912 2003 barbara
924 1938 1052 2004 Colchis

150 2024 208 2089 Set
222 2026 288 2087 iam
302 2024 418 2086 bruma
432 2023 541 2105 rigens
557 2022 670 2085 Arctoi
683 2021 807 2085 tristior
821 2022 889 2085 axis

150 2109 318 2191 Torpebat
332 2110 480 2171 concreta
494 2106 583 2189 gelu,
599 2106 626 2168 it
639 2106 790 2189 pinniger
805 2105 925 2187 audax,

149 2192 196 2256 Et
209 2192 316 2275 magis
331 2212 460 2254 accessu
473 2190 566 2272 pueri
580 2190 678 2273 plaga
691 2193 813 2253 maesta
828 2195 954 2255 serenat

91 2286 138 2334 176
150 2276 342 2339 Aduentum
356 2276 474 2339 testata
489 2273 555 2355 dei,
572 2296 648 2337 mox
662 2276 746 2337 tetra
760 2273 915 2357 fugantur

150 2359 288 2440 Nubila,
304 2358 468 2422 caeruleos
483 2357 623 2421 excludit
636 2357 815 2440 flammiger
829 2358 956 2422 imbres

150 2443 259 2526 Impia
272 2443 339 2505 iam
354 2440 484 2507 Colchis
500 2442 565 2505 iam
579 2440 706 2504 saeuior
721 2461 776 2503 ara
789 2438 913 2503 Dianae

152 2526 315 2610 Coeperat
330 2522 471 2606 ostendi,
486 2526 551 2588 iam
566 2528 648 2588 tunc'
657 2523 828 2587 mandante
843 2527 981 2606 tyranno

150 2612 236 2675 Ecce
250 2610 441 2675 trahebatur
456 2630 513 2672 ceu
528 2613 639 2673 taurus
653 2607 787 2691 pulcher
801 2607 912 2689 Iason,

93 2705 141 2753 180
154 2694 258 2770 Quem
273 2694 419 2777 sequitur
432 2692 547 2757 Medea
560 2713 680 2757 nocens
695 2695 874 2776 urguetque
889 2692 1053 2757 ministros

153 2779 286 2843 Nudato
301 2798 455 2841 mucrone
469 2776 589 2840 furens.
618 2775 752 2839 delubra
766 2776 916 2840 subibant

153 2863 289 2947 Iamque
303 2862 566 2945 propinquabant
581 2862 654 2925 aris.
684 2860 739 2924 sed
753 2881 874 2924 numen
888 2865 1052 2927 amantum
1066 2890 1098 2939 [p.
1112 2886 1147 2939 sa]

157 3152 206 3199 154
224 3150 342 3215 effigere
361 3166 430 3199 corr.
452 3149 545 3197 Bacch.
601 3150 648 3197 161
668 3163 734 3197 aues
752 3164 820 3198 corr.
839 3164 874 3199 ecc
893 3150 953 3198 auis
1006 3151 1054 3201 165

90 3215 211 3267 uinctae.
248 3218 392 3282 innotaep
462 3217 511 3264 167
530 3214 653 3265 uolatum
672 3232 739 3265 corr.
759 3216 855 3265 Bacch.
926 3218 974 3267 170
991 3230 1055 3267 cou-

89 3280 173 3331 cludit
189 3300 261 3333 corr.
280 3282 378 3333 Bacch.
450 3285 498 3333 172
516 3282 553 3331 nt
569 3284 623 3331 iam
643 3299 711 3333 corr.
731 3282 827 3333 Bacch.
891 3285 940 3334 173
959 3290 1055 3335 coacta

91 3348 151 3410 gelu
174 3357 204 3401 et
226 3367 298 3403 corr.
317 3350 413 3399 Bacch.
502 3353 548 3401 177
571 3357 630 3400 unte
650 3349 760 3400 Colchis
783 3352 874 3401 literae
896 3356 1054 3415 conspiciun-

91 3420 130 3463 tur
151 3418 220 3468 coch
244 3420 294 3467 aed
315 3420 408 3467 lineola
433 3418 541 3467 obducta
563 3420 663 3467 deletae
745 3419 793 3467 179
817 3424 963 3468 centaurus
984 3436 1053 3471 corr.

89 3481 186 3534 Bacch.
268 3486 318 3535 180
340 3485 482 3534 ministras
505 3500 572 3533 corr.
591 3484 688 3533 Buect.
710 3486 745 3546 cf.
769 3502 792 3533 u.
811 3488 863 3534 261
943 3486 990 3533 182
1012 3485 1052 3533 sic

86 3563 154 3600 corr.
175 3552 274 3601 Bueot.

138 3641 276 3681 Ducena-11
289 3642 402 3683 earmina.
835 3634 851 3681 6
