2500 3917
394 235 422 284 11
442 236 574 285 125—163
599 234 643 285 ΙΙΙ
662 237 744 285 1-18

149 382 235 448 (lum
250 382 347 446 simul
362 383 523 446 Antaeum
538 383 631 465 rapui
645 383 770 447 telluris
785 386 960 449 alumnum.

150 466 233 541 Quis
247 466 330 531 mihi
344 466 493 530 sudorem
508 467 591 530 lasso
607 471 682 550 post
695 468 819 550 proelia
832 470 960 553 terget?
996 493 1001 501 ·

150 549 232 625 Quis
248 572 354 614 comes
369 551 450 613 alter
470 550 530 613 erit
545 572 617 615 oum
639 551 693 615 dat
707 552 775 617 fera
789 552 874 616 bella
888 555 1052 618 nouerca?
1135 583 1138 588 ⁴

151 633 239 708 Quid
255 635 350 697 matri
365 636 503 698 narrabo
519 638 593 697 tuae
609 656 690 717 quae
707 640 738 698 te
754 636 834 699 mihi
848 659 984 718 paruum

80 731 134 779 160
150 718 329 801 Deposuit,
345 718 475 801 pietatis
490 719 583 800 inops
599 740 680 801 quae
695 720 833 802 pignora
846 720 976 784 reddam

152 801 237 867 Cum
252 806 432 866 conuentus
447 801 523 865 ero?
546 802 649 864 dicam
668 807 777 865 tamen
791 804 859 886 ipse
874 805 1015 887 parenti:

151 886 292 950 ‘Exulta
300 936 309 969 ‚
325 886 479 969 genitrix,
494 885 632 949 nimium
647 887 765 950 laetare
772 938 781 969 ‚
798 888 891 951 beata

149 970 1050 1052 Anteparenshominis,pulchrimodonuminisauctor.'

79 1240 144 1308 III.
172 1240 252 1323 Exp.
268 1240 379 1305 fabula
392 1240 479 1304 Ylac.
502 1239 621 1327 Incipit
635 1240 792 1323 praelatio
807 1241 848 1306 ad
859 1241 1053 1308 Felicionem

175 1330 430 1413 grammaticum,
446 1328 710 1481 cffigorpgialgin
724 1327 884 1395 auditorio
899 1348 968 1395 cum

151 1570 327 1635 Fructibus
343 1574 418 1653 apta
433 1569 562 1652 quidem
578 1570 701 1632 cunctis
717 1573 765 1632 est
779 1574 864 1632 terra
879 1570 993 1633 oreatri

150 1654 264 1717 Altius
279 1653 449 1718 intendens
464 1653 519 1717 sed
534 1674 645 1717 causas
660 1653 803 1735 perspice
818 1657 929 1735 partus

150 1738 199 1802 Ec
213 1742 318 1801 totum
334 1758 492 1821 cognosce
508 1738 590 1819 poli:
613 1758 776 1800 1111111111
792 1739 922 1801 maritat

150 1824 245 1885 Arua
260 1844 317 1885 suo
332 1822 387 1884 uel
401 1821 468 1884 sole
483 1820 574 1884 fouet
587 1821 641 1883 uel
655 1824 813 1903 temperat
828 1825 934 1884 aestus

114 1920 132 1967 5
150 1905 330 1981 Alternans
346 1905 503 1968 elementa
517 1908 648 1987 potens,
663 1909 700 1967 ut
714 1904 826 1967 reddat
841 1908 874 1967 et
888 1906 1016 1968 umbras

151 1989 322 2054 Montibus
337 1989 485 2053 arboreas
501 1994 533 2051 et
547 1988 670 2051 culmos
685 1991 788 2050 armet
802 1988 923 2069 aristis,

151 2072 303 2137 Uentilet
318 2077 350 2137 et
364 2076 499 2136 matrem
515 2071 681 2155 grauidam
695 2070 910 2154 pendentibus
924 2072 997 2134 uuis

150 2158 332 2239 Pampinus
347 2156 494 2220 exultans
510 2161 542 2219 et
555 2156 678 2238 palmes
693 2156 840 2218 uerteret
855 2177 933 2219 uuas

152 2240 395 2324 Contortusque
410 2240 489 2303 fluat
502 2239 587 2303 nodo
604 2239 764 2302 uiridante
781 2241 949 2321 corymbus

99 2341 133 2388 10
148 2326 196 2391 Et
211 2346 378 2407 nunquam
394 2325 539 2406 positura
554 2344 661 2386 comas
676 2324 823 2385 flectatur
837 2324 933 2387 oliua.
1037 2394 1045 2401 ⁵

150 2413 200 2474 At
215 2410 243 2473 si
257 2409 430 2491 temperies
445 2428 551 2470 rerum
567 2409 750 2489 opportuna
765 2410 916 2488 negetur,

151 2492 334 2559 Infecunda
348 2492 458 2556 forent
472 2490 664 2573 squallentia
678 2490 801 2552 uiscera
816 2494 919 2551 terrae

152 2578 199 2642 Et
214 2578 310 2642 limos
327 2576 458 2641 obducit
473 2595 550 2658 ager
564 2574 715 2656 deceptus
730 2573 887 2635 inhaeret.

151 2662 316 2744 Discipuli
332 2661 377 2724 sio
397 2660 515 2742 quippe
531 2659 629 2722 silent
643 2658 670 2721 si
684 2657 769 2721 forte
784 2657 937 2740 magister

103 2761 134 2808 15
151 2746 317 2827 Tollatur‚
333 2743 480 2808 doctrina
494 2747 609 2825 potens
624 2763 689 2824 qua
702 2739 859 2824 praeduce
876 2740 989 2803 ductor

153 2830 366 2912 Antistesque
381 2831 466 2891 tuus.
497 2826 535 2889 de
550 2830 657 2890 uestro
673 2826 781 2906 fonte,
797 2830 962 2908 magister,

153 2913 348 2977 Romuleam
363 2911 465 2975 laetus
481 2932 571 2974 sumo
587 2932 646 2993 pro
662 2910 794 2973 flumine
809 2910 953 2993 linguam

152 2997 199 3061 Et
213 2997 339 3081 pallens
354 2995 452 3059 reddo
467 3016 526 3077 pro
541 2994 690 3078 frugibus
704 2994 772 3076 ipse
787 3013 916 3075 poema:

157 3168 208 3217 156
228 3171 340 3216 anteum
398 3166 533 3215 lereatis
553 3181 621 3215 corr.
634 3165 730 3213 Bueclz.
788 3166 919 3227 aparcas
976 3166 1056 3214 300-

87 3250 172 3286 10111
234 3236 251 3283 4
269 3239 396 3297 tempera
414 3234 529 3281 haustus
548 3233 582 3291 cf.
596 3234 675 3282 Broc.
691 3234 723 3280 de
742 3232 789 3280 deo
804 3230 883 3279 1590
943 3230 959 3277 6
978 3230 1058 3280 arbo·

87 3305 142 3351 reis
162 3317 234 3351 corr.
247 3301 345 3353 Buecb.
417 3302 447 3348 11
468 3302 603 3363 oportuna
673 3301 704 3348 13
722 3297 811 3347 limus.
842 3304 919 3347 autea
936 3300 1059 3361 temptaui

87 3368 163 3417 limis
187 3368 325 3419 obductus
341 3368 345 3430 Ι
361 3362 481 3434 inheret]
505 3368 609 3415 inertes
626 3365 724 3415 Bacch.
742 3368 884 3428 proposuit.
919 3366 983 3414 latet
1000 3366 1059 3427 sor·

87 3442 158 3485 tusce
174 3436 320 3499 imperfecti
333 3436 434 3499 forma
489 3436 520 3483 15
539 3433 626 3482 dictor
706 3435 737 3482 17
760 3432 920 3483 Romuleum
934 3429 938 3496 Ι
954 3446 1056 3481 summo

88 3517 158 3554 corr.
181 3502 276 3553 Bueelt
