2500 3917
197 230 239 297 86
565 231 804 284 1111111111

178 439 182 448 .
266 380 364 447 (iuius
379 381 419 445 ab
435 380 571 464 imperio
586 400 722 465 surgens
737 382 769 444 et
783 382 909 466 origine
925 381 1044 447 Caesar

202 479 252 529 180
309 468 476 550 Augustus
490 464 608 529 meruit
622 468 749 549 tempus
764 465 882 531 habere
897 466 995 549 pium.

263 551 420 633 Tempore
449 571 588 632 namque
617 549 730 613 eodem
759 554 808 615 est
835 553 934 697 1111ιὸ
935 550 1003 699 hdr}
1028 552 1162 638 uirgine

306 718 405 783 Cuius
420 720 454 781 et
468 718 598 781 emicuit
612 716 706 781 stella
719 739 777 800 per
791 723 878 781 astra
892 718 969 801 poli.
1059 687 1069 719 ’

265 803 339 866 Dux
353 802 503 886 princeps
517 800 683 866 Romanus
699 806 768 865 erat
782 801 820 865 de
835 802 979 886 principe
995 802 1090 869 Titus

307 885 424 951 Sinon
438 889 617 970 praestaret
631 885 735 949 dicere
751 907 845 969 saepe
861 886 982 951 solens:

201 986 251 1035 185
267 971 488 1036 ‘Perdidimus
501 970 563 1034 hac
576 970 648 1033 luce
663 969 764 1033 diem'
781 971 809 1033 si
822 970 914 1034 nulla
928 970 1068 1035 dedisset

306 1055 338 1119 N
340 1077 383 1119 11
398 1057 548 1119 exoratus
562 1055 718 1137 praestita
732 1054 942 1137 supplicibus.

264 1140 358 1203 Alter
372 1139 418 1203 ait
432 1139 582 1222 princeps
596 1138 724 1203 modico
741 1160 886 1202 sermone
900 1142 1000 1221 poete

307 1222 501 1287 Commodus
515 1225 683 1306 Augustus
699 1222 750 1285 uir
762 1224 884 1306 pietate
898 1223 1019 1287 bonus:

265 1307 402 1372 <Nobile
417 1310 623 1391 praeceptum
637 1310 777 1371 rectores
794 1307 905 1371 discite
920 1311 996 1390 post
1010 1329 1078 1372 me:

204 1406 254 1455 190
311 1392 480 1457 Sithonas
495 1392 530 1455 in
544 1392 613 1455 uita
627 1392 683 1475 qui
697 1390 787 1455 uolet
802 1412 870 1455 esse
885 1391 992 1455 deus'.

264 1476 349 1541 Ecce
364 1477 441 1560 quid
455 1476 614 1560 impendit
629 1476 753 1539 homini
768 1476 939 1540 elementia
953 1476 1100 1559 simplex,

308 1561 354 1624 Ut
369 1564 511 1643 praestet
525 1560 612 1625 bona
626 1560 706 1624 dans
721 1559 867 1625 conferat
881 1565 978 1644 atque
994 1561 1135 1626 animae.

264 1644 315 1707 Ne
331 1644 429 1708 facias
443 1644 601 1728 populum
616 1643 817 1726 mendacem,
835 1644 891 1728 qui
906 1644 967 1708 tibi
982 1645 1102 1709 elamat

307 1727 450 1792 Uooibus
465 1729 643 1792 innumeris
659 1738 732 1793 ‘rex
747 1728 959 1812 dominusque
973 1730 1081 1812 pius’:

204 1825 252 1875 19⁵
267 1810 314 1876 Ut
328 1834 392 1876 uox
406 1834 484 1876 uera
498 1817 593 1876 sonat
607 1814 791 1896 ‘dominus',
808 1814 853 1877 sie
869 1835 946 1877 uera
961 1814 1058 1897 ‘pius'
1074 1814 1128 1882 sit.

308 1896 402 1962 Orbis
416 1898 452 1961 11
468 1918 522 1962 ore
537 1897 628 1962 uolat
641 1898 772 1982 puplica
786 1919 875 1961 merx
888 1918 1071 1981 procerum.

264 1981 365 2047 Fama
380 1982 496 2047 dueum
510 2004 578 2047 111
593 1987 642 2047 est
655 1982 748 2047 bellis
764 1983 898 2047 11111111
913 1984 1056 2047 eruentis

307 2067 358 2129 En
373 2068 489 2149 quibus
505 2068 644 2131 occurrit
661 2089 755 2151 saepe
768 2073 875 2131 reatus
891 2071 984 2132 atrox

266 2148 378 2212 Gloria
393 2149 560 2232 bellorum,
576 2151 710 2216 ducibus
724 2151 916 2235 populisque
930 2151 1117 2235 triumphos

202 2244 253 2292 200
308 2231 348 2294 In
363 2254 531 2297 commune
548 2234 639 2299 datos
655 2236 770 2300 diuidit
784 2237 998 2320 armipotens:

264 2314 297 2381 N
298 2338 349 2380 am
365 2316 498 2381 ducibus
513 2318 590 2383 solis
604 2325 746 2402 praestat
761 2321 930 2385 elementia
945 2321 1082 2404 laudem,

308 2400 385 2465 Non
400 2402 497 2467 habet
511 2403 591 2469 haec
606 2407 755 2470 comitem
770 2405 1023 2489 participemque
1038 2427 1079 2469 11
1127 2410 1153 2471 t.

265 2484 355 2550 Dicit
369 2487 414 2550 ‘in
430 2509 519 2551 arma
532 2510 624 2571 pares
640 2490 759 2554 fuimus
776 2510 848 2552 oum
862 2489 1021 2574 principe’
1038 2491 1082 2553 mi
1099 2512 1135 2555 es

308 2569 380 2633 ‘Me
395 2577 560 2656 pugnante
576 2595 697 2657 comes,
713 2574 818 2638 uictor
832 2575 871 2637 ab
887 2572 980 2640 hoste
995 2572 1106 2638 redis'.

202 2663 251 2712 205
265 2651 298 2716 N
300 2655 422 2735 unquid
436 2661 472 2719 ut
486 2658 634 2740 ignoscat
647 2662 753 2722 rector
766 2678 840 2740 pars
855 2658 967 2722 militis
981 2659 1110 2723 intrat?

308 2734 376 2800 Soli
391 2739 472 2820 quii
497 2742 602 2805 noscit
639 2742 721 2807 laria
735 2741 838 2806 laudis
854 2743 923 2806 erit.

267 2818 329 2895 Qui
343 2820 435 2904 fodit,
450 2761 602 2888 aduersus
616 2763 726 2890 testes
742 2827 916 2890 certamina
932 2825 1046 2891 Martis

267 3112 314 3161 181
334 3111 430 3163 Christi
451 3128 539 3164 nomen
557 3116 594 3163 sie
615 3115 737 3165 scribitur
760 3123 787 3165 ut
805 3133 828 3167 1.
850 3118 897 3168 123
979 3117 1028 3167 185
1050 3115 1085 3179 es.
1106 3115 1186 3168 Sue-

199 3184 243 3227 111
263 3179 316 3228 Tit.
336 3182 351 3229 8
422 3182 469 3231 187
487 3186 613 3244 permirus
631 3185 730 3247 quidem
748 3185 795 3232 iste
814 3183 919 3234 modico
939 3198 1065 3233 sermone
1084 3190 1187 3248 poeta

198 3250 282 3293 taenea
308 3246 379 3295 haud
403 3253 456 3298 seio
484 3266 540 3298 nuru
571 3266 624 3298 cum
653 3251 765 3301 Arenata
792 3259 818 3300 et
848 3252 1012 3315 interpolatis
1037 3254 1080 3300 uei
1108 3267 1187 3317 pro-

198 3310 280 3361 batus
306 3320 350 3360 aut
375 3315 501 3377 profatur
525 3321 567 3368 uel
590 3319 671 3367 simile
690 3318 849 3368 scribendum
865 3320 900 3368 sit
969 3319 1019 3368 195
1037 3324 1122 3369 sonet

56 3421 65 3430 ,
116 3437 118 3440 ¹
200 3379 747 3444 117111111111111111111.,4111111
766 3402 842 3435 merx
860 3401 929 3436 corr.
950 3386 1048 3440 Buect.
1122 3388 1188 3439 205

197 3446 287 3494 instat
312 3448 418 3508 scripsit
438 3450 567 3500 Areuatus
587 3467 642 3501 cum
670 3454 833 3515 interpolatis
854 3454 942 3503 intrat
964 3455 1030 3503 idem
1052 3454 1188 3517 coniecit,

198 3513 229 3560 id
244 3514 313 3576 quod
329 3514 420 3574 tepitur
436 3517 462 3563 in
482 3516 606 3568 Uaticano
624 3521 712 3569 codice
785 3522 834 3571 20⁷
852 3520 931 3571 fouet
948 3521 1079 3571 Arcadius
