2500 3917
483 270 487 277 .
528 236 554 284 x
573 238 656 287 1-58
1035 238 1070 303 6]

177 384 229 448 Ad
245 406 304 448 sua
318 386 424 448 castra
436 388 560 468 petunt.
590 386 681 452 lauro
696 388 859 453 succincta
872 391 986 473 poetae

176 468 321 553 Pegaseo
337 468 375 532 de
390 468 482 533 fonte
497 470 586 553 ueni,
603 492 668 553 quo
682 492 754 536 rore
769 472 925 538 medullas

123 565 162 614 30
173 552 218 619 Et
232 564 345 617 sensus
360 553 494 621 infunde
508 576 607 619 meos.
638 576 694 619 cur
708 554 825 640 hospes
841 562 966 622 amatur

180 636 243 711 Qui
257 637 445 704 mactandus
460 641 529 701 erat
542 639 596 703 uel
610 660 668 703 cur
681 645 839 733 mactatur
854 642 1000 707 amatus?

177 788 279 853 Diues
294 788 380 871 apud
395 788 535 854 Colchos
549 789 681 854 Phrixei
695 792 824 857 uelleris
839 815 952 857 aurum
1088 797 1118 847 lp·
1133 797 1167 846 ⁷⁸]

177 872 278 936 Pellis
294 877 364 937 erat
377 878 505 937 seruata
520 873 575 938 diu
589 876 720 939 custode
736 876 883 941 dracone.

177 956 271 1021 Hanc
286 961 419 1041 propter
432 958 540 1043 pelagi
555 962 728 1024 temerator
742 962 865 1045 primus
878 962 975 1027 Iason

124 1052 162 1103 35
177 1039 322 1105 Uenerat
334 1046 372 1106 ut
385 1042 499 1118 rutilas
513 1042 704 1109 subduceret
717 1045 829 1110 arbore
844 1045 944 1109 lanas.

179 1124 226 1190 Ut
240 1124 361 1208 Scytha
375 1126 544 1209 conspexit
558 1126 689 1192 Graiam
704 1128 743 1191 de
757 1130 866 1194 littore
881 1130 1015 1213 puppim

179 1210 230 1275 Ire
246 1231 304 1293 per
317 1210 478 1274 undosum
493 1210 660 1294 proscissis
675 1212 824 1278 fluctibus
839 1235 968 1297 aequor,

178 1293 338 1377 Exponit,
356 1315 433 1358 nam
452 1298 599 1359 monstra
618 1299 728 1377 putat:
755 1298 827 1379 quis
850 1299 993 1363 crederet
1012 1320 1080 1361 um-

848 1404 922 1445 uam

178 1461 242 1525 Per
256 1461 340 1525 freta
353 1484 411 1559 per
425 1463 553 1527 rabidas
567 1463 733 1527 hominem
747 1403 883 1529 traniire
898 1466 1080 1548 procellas?

129 1558 166 1606 40
180 1545 342 1609 Barbarus
357 1566 471 1631 1gnaro
486 1547 556 1631 regi
570 1547 635 1611 iam
649 1548 782 1611 nuntius
797 1549 865 1613 ibat
964 1616 967 1623 ,

180 1628 268 1704 Quae
283 1652 371 1695 noua
384 1632 542 1714 perferret
555 1632 703 1717 pelagus,
716 1632 775 1695 'sed
790 1633 923 1697 callidus
937 1633 1032 1697 heros

181 1712 276 1777 Solus
290 1714 387 1779 Iason
402 1714 507 1779 adhuc
521 1719 620 1779 uento
637 1720 784 1781 currente
800 1718 909 1781 carina
935 1782 937 1787 ,

179 1797 313 1862 Prosilit
327 1799 363 1862 in
377 1798 494 1864 fluctus
509 1803 542 1863 et
553 1799 664 1863 littora
678 1800 749 1865 uisa
762 1806 875 1865 natatu

178 1880 329 1946 Nudatus
345 1904 403 1947 ceu
418 1887 518 1948 nauta
530 1884 622 1965 petit.
644 1884 700 1947 sed
715 1884 844 1949 Colchis
859 1886 1007 1949 alumnus

126 1978 162 2027 45
177 1964 322 2030 Nuntius
336 1966 391 2032 ille
406 1968 491 2031 redit
504 1988 613 2031 secum
627 1968 802 2033 comitante
816 1970 950 2033 iuuenta

180 2049 227 2114 Ut
240 2055 375 2115 nossent
390 2053 467 2135 quid
481 2052 598 2135 puppis
613 2055 683 2115 erat
697 2052 774 2136 quid
793 2054 866 2117 uela
881 2053 957 2136 quid
975 2053 1081 2118 arbor.

181 2133 329 2198 Membra
343 2136 406 2199 uiri
421 2157 497 2200 mox
511 2135 599 2199 nuda
613 2136 726 2201 uident
738 2137 894 2221 fugientis
909 2137 949 2200 ad
970 2136 1082 2219 undae,

180 2217 283 2292 Quem
294 2220 440 2303 sequitur
451 2220 572 2284 directa
582 2221 697 2285 manus
704 2221 897 2305 capiuntque
932 2226 1083 2286 auontcm

179 2302 224 2366 Et
238 2304 387 2368 manibus
398 2308 473 2387 post
483 2309 576 2388 terga
589 2304 702 2389 ligant.
724 2310 803 2369 tunc
816 2305 899 2369 Iuno
909 2244 1082 2389 tyanorum

129 2397 167 2446 50
182 2384 229 2450 Ut
243 2388 327 2451 uidit
342 2389 492 2452 iuuenem
506 2386 672 2471 Scythicas
686 2393 806 2453 artesae
820 2394 949 2453 catenas

183 2470 231 2534 Et
242 2472 376 2554 pauidos
390 2473 426 2536 fu
453 2474 512 2536 'sse
527 2472 623 2536 simul
638 2494 711 2537 cum
725 2494 831 2556 puppe
847 2472 981 2557 sodales,

182 2554 395 2638 Adloquitur:
412 2494 550 2620 ‘ffisciua
564 2555 676 2620 Uenus
691 2557 829 2620 iucunda
843 2557 989 2621 modesta

182 2638 310 2703 Blanda
322 2644 438 2723 potens
452 2640 540 2705 mitis
553 2640 691 2704 fecunda
705 2644 856 2704 uenustas
871 2641 989 2705 amoris

183 2721 325 2787 Pulchra
339 2724 544 2807 uoluptatum
558 2726 706 2809 genetrix
721 2729 753 2788 et
772 2746 893 2789 numen
908 2728 1082 2807 amantum,

131 2816 166 2865 55
182 2806 229 2870 Te
244 2807 355 2871 diuum
369 2808 482 2893 regina
495 2830 611 2892 precor
624 2813 771 2872 matrona
786 2808 956 2872 Tonantis:

182 2890 244 2955 nst
257 2891 355 2955 nimis
370 2895 520 2976 acceptus
535 2893 662 2956 iuuenis
677 2892 757 2956 mihi
770 2893 905 2975 pulcher
918 2892 1015 2955 Iason

185 2974 248 3048 Qui
260 2976 403 3059 gelidum
412 2976 574 3059 quondam
585 2997 710 3040 mecum
721 2980 947 3041 transnauerat
956 2976 1084 3059 Istrum,

183 3058 228 3122 Et
241 3081 329 3123 nunc
343 3060 458 3124 infelix
471 3060 774 3143 trahitur-captiuus
789 3059 828 3123 ad
843 3061 950 3124 aulam
1020 3085 1022 3091 ’

187 3314 222 3363 29
240 3313 365 3364 medulae
381 3317 431 3365 aed
446 3318 530 3365 altera
547 3315 556 3365 l
573 3332 655 3379 supra
673 3332 689 3365 a
707 3316 806 3365 literam
824 3318 930 3379 oppleta
946 3323 985 3365 est
1053 3318 1086 3366 32

121 3378 243 3443 Phryxei
294 3384 327 3431 33
345 3382 393 3431 dui
454 3384 616 3433 aaronitas
666 3385 700 3434 40
719 3383 840 3442 nuntius]
859 3383 991 3447 Mutiusp
1053 3385 1087 3433 44

118 3446 184 3508 sort.
208 3446 327 3498 Colchus
412 3451 445 3499 46
470 3454 565 3500 nosset
591 3466 660 3500 corr.
682 3450 779 3500 Buect.
863 3452 896 3501 49
923 3449 1051 3499 citherem

119 3515 155 3564 53
171 3521 305 3567 uenustas
323 3517 424 3567 amoris
442 3526 588 3581 corruptum
605 3518 707 3567 uidetur
