2500 3917
500 220 526 269 x
544 224 661 275 se-ne
1019 224 1061 290 63

164 368 206 433 Ut
217 368 353 453 pelagus
368 370 503 435 caluisse
518 370 621 453 uidet,
645 370 715 435 ‘hio
730 372 848 457 eliger'
864 373 971 456 inquit

121 466 150 514 90
162 451 234 517 ‘Hie
248 453 331 517 latet
344 453 478 518 Idalius.
505 455 560 519 sed
574 477 643 520 non
657 456 750 539 latet,
766 478 908 540 aequore
921 458 1059 526 feruent'

61 591 66 606 .
161 540 309 622 Agnosco
325 537 460 603 stridere
475 538 595 603 fretum
610 561 666 604 ceu
683 538 834 605 Phoebus
850 542 984 608 anhelos

163 620 286 685 Oceano
302 621 393 686 deme
437 622 461 685 ‘t
475 644 585 706 equos,
601 644 674 687 euni
690 628 785 689 noete
800 626 986 709 propinque
1065 667 1097 718 [o-
1111 664 1147 717 30]

160 704 249 769 Luna
262 705 355 769 uenit
369 709 417 769 ste
431 707 520 770 lente
534 706 611 789 polo
626 707 841 789 pendentibus
858 712 961 775 ostris.

160 787 228 853 Huc
243 788 335 871 edes,
351 811 370 853 o
385 789 507 855 lasciue
520 812 616 873 puer,
632 795 664 855 te
679 795 782 857 meter
796 794 916 877 ubique

47 941 48 947 ἵ
119 885 145 932 9⁵
160 871 288 947 Quaerit
303 878 337 938 et
350 896 369 937 s
383 875 508 939 cunctis
523 880 666 939 uestrum
682 898 733 941 me
748 876 837 947 misit
852 878 1019 944 alumnum

159 956 204 1021 Ut
216 958 328 1023 uenias
342 961 497 1041 parcente
511 966 625 1024 mora)
652 961 697 1024 sio
711 960 809 1025 fetus.
840 967 873 1025 et
888 962 943 1027 ille

157 1040 323 1107 Fluctibus
339 1042 485 1107 emediis
499 1064 634 1129 surgens
649 1045 802 1110 rutilante
818 1046 936 1129 capillo

157 1124 307 1191 Excussit
320 1128 490 1210 perinane
505 1132 617 1212 ceput,
633 1130 738 1211 quetit
752 1130 890 1227 impiger
904 1132 971 1195 elas

157 1207 202 1275 Ut
214 1210 333 1293 pinnas
347 1211 486 1276 desisset
500 1212 608 1295 cquis,
623 1214 721 1276 micet
735 1214 820 1297 ign1s
835 1219 872 1278 ut
886 1218 973 1280 estre

104 1305 146 1353 100
154 1294 324 1361 Pleusibus
339 1317 491 1361 excussus
505 1297 613 1379 pueri,
629 1317 687 1380 per
702 1301 817 1361 cuncte
833 1298 958 1363 uideres

155 1377 341 1444 Scintillere
356 1379 455 1463 diem,
477 1380 619 1445 nolitent
633 1402 729 1463 super
743 1400 883 1463 aequore
897 1382 1053 1449 flammae.

155 1460 207 1527 Sic
222 1464 280 1528 ubi
293 1465 449 1547 puniceos
463 1464 601 1529 rutilans
616 1467 744 1529 Aurora
758 1464 892 1548 capillos

154 1546 303 1613 Pectinet
316 1552 392 1612 unte
408 1548 494 1612 diem
509 1570 591 1631 quae
605 1571 682 1614 mox
696 1548 870 1631 perfundet
883 1550 997 1617 Eoum.

153 1629 301 1697 Phoenix
316 1632 387 1697 sole
401 1653 504 1717 genus
519 1633 610 1697 senio
625 1633 744 1698 lassate
759 1636 896 1718 uetusto,

99 1714 506 1781 10501nnamacuifolium
518 1717 656 1781 nardum
669 1721 721 1781 tus
735 1718 879 1783 belseme
893 1740 1055 1785 amomum

153 1798 338 1866 informant
350 1805 427 1883 post
435 1800 542 1865 sceele
550 1823 664 1883 pyram
679 1802 830 1885 reditura,
851 1804 1033 1885 sepulcrum

155 1882 351 1949 Conscendit
365 1883 493 1949 facture
505 1905 602 1969 rogos
617 1888 651 1948 et
664 1885 813 1949 uerberat
827 1886 895 1949 ales

154 1966 200 2033 Ut
213 1970 360 2033 flammas
374 1968 530 2033 adsciscet
544 1969 614 2032 anis
621 2018 631 2049 ,
647 1968 692 2032 sic
707 1969 850 2032 nascitur
865 1968 950 2053 ignis

153 2054 240 2118 Ante
255 2053 365 2118 alitem
380 2053 558 2117 ambrosios
572 2053 637 2116 iem
652 2056 899 2137 consumpturus
915 2051 1043 2118 odores:

96 2145 141 2193 110
152 2134 204 2201 sie
219 2159 301 2220 puer
314 2137 435 2201 Idalius
450 2136 622 2221 spargebat
635 2136 800 2220 plausibus
815 2137 915 2223 ignes.

153 2218 257 2285 Piscis
272 2230 349 2285 aues
363 2224 510 2285 armenta
524 2242 622 2305 pecus
636 2222 706 2286 fere
720 2227 830 2306 pastor
845 2221 1000 2288 anhelent

151 2304 369 2389 B'lummigero
384 2309 536 2389 surgente
552 2305 621 2371 dcc.
644 2305 734 2370 uolet
748 2305 822 2369 inde
837 2326 895 2387 per
909 2306 1020 2369 altum.

152 2386 223 2453 Inm
234 2388 366 2453 uoluoer
377 2411 445 2454 non
457 2389 538 2453 udus
549 2392 627 2471 eret,
643 2409 845 2472 quocumque
856 2389 1054 2471 propinquat

150 2476 221 2552 Aut
236 2473 429 2556 ubicumque
444 2472 518 2554 fuit,
533 2473 652 2537 blando
667 2473 795 2536 feruore
810 2476 947 2554 ueporet

89 2567 135 2615 115
147 2555 254 2631 Quem
267 2557 414 2641 sequitur
428 2557 570 2622 uernalis
584 2557 673 2639 odor,
689 2556 743 2619 uie
757 2554 893 2639 pulchre
907 2576 1052 2621 rosarum

148 2638 310 2706 Tenditur
325 2646 358 2705 et
371 2642 476 2705 uioles
490 2642 647 2724 pellentes
663 2639 798 2705 candide
812 2639 908 2723 peplo

148 2723 237 2789 Lilis
251 2725 436 2810 distingunt
450 2746 489 2789 eo
503 2725 602 2789 florea
615 2724 730 2789 semita
744 2725 872 2807 crescit,

147 2807 346 2875 Persulcuns
359 2831 418 2907 per
432 2809 530 2873 inane
544 2808 637 2891 polos
651 2810 752 2875 micet
766 2810 872 2874 orbito
886 2810 1011 2875 florum.

148 2892 268 2978 Cypris
283 2893 463 2959 odoriferos
479 2892 581 2957 sensit
593 2892 735 2977 freglure
750 2893 892 2958 uolatus:

150 3116 187 3165 93
208 3111 407 3180 pendentibus]
432 3116 467 3176 cf.
492 3116 517 3164 d.
537 3116 563 3163 d.
584 3114 619 3163 ll
642 3116 659 3162 ⁶
680 3112 802 3179 pendula
825 3114 924 3164 sidere.
962 3115 1052 3179 splen·

81 3174 215 3233 dentibus
233 3184 337 3234 inette*
374 3185 407 3233 98
426 3184 507 3231 niens
565 3182 614 3232 103
632 3182 763 3232 Peetniet
778 3180 783 3246 Ι
798 3180 948 3247 perfundet
1005 3186 1054 3234 105

80 3240 213 3298 Ginnima
237 3266 286 3299 uiro
309 3251 401 3301 salomi
422 3252 499 3301 ductu
515 3249 637 3311 seriptum
658 3256 684 3299 et
707 3251 772 3299 lectu
794 3250 923 3312 difficilius
945 3252 1053 3317 ideoque

78 3310 155 3363 deest
174 3332 192 3381 y
254 3318 304 3367 106
322 3317 399 3369 secla
414 3315 419 3382 Ι
434 3314 608 3381 sepulchrum
673 3317 721 3366 108
739 3317 861 3367 asciscat
877 3319 925 3368 sed
942 3316 958 3367 d
977 3320 1053 3368 litera

75 3433 191 3547 pricta
209 3441 250 3484 eet
320 3436 369 3486 100
385 3433 458 3484 Ante
483 3434 579 3483 alitem
601 3435 648 3484 uic
669 3448 757 3483 sanum
835 3436 883 3485 113
905 3394 1044 3497 uolucrel‘t

96 3511 248 3567 oucrery
