<?xml version="1.0" encoding="UTF-8"?>
<!DOCTYPE html PUBLIC "-//W3C//DTD XHTML 1.0 Transitional//EN"
    "http://www.w3.org/TR/xhtml1/DTD/xhtml1-transitional.dtd">
<html xmlns="http://www.w3.org/1999/xhtml" xml:lang="en" lang="en">
 <head>
  <title>
</title>
<meta http-equiv="Content-Type" content="text/html;charset=utf-8" />
  <meta name='ocr-system' content='tesseract 3.04.00' />
  <meta name='ocr-capabilities' content='ocr_page ocr_carea ocr_par ocr_line ocrx_word'/>
</head>
<body>
  <div class='ocr_page' id='page_1' title='image "./dracontiicarmin02dracgoog_0013.png"; bbox 0 0 2500 3917; ppageno 0'>
   <div class='ocr_carea' id='block_1_1' title="bbox 172 210 794 273">
    <p class='ocr_par' dir='ltr' id='par_1_1' title="bbox 172 210 794 273">
     <span class='ocr_line' id='line_1_1' title="bbox 172 210 794 273; baseline -0.016 -1"><span class='ocrx_word' id='word_1_1' title='bbox 172 242 175 249; x_wconf 92' lang='lat'>·</span> <span class='ocrx_word' id='word_1_2' title='bbox 203 225 269 273; x_wconf 89' lang='lat' dir='ltr'>VIII</span> <span class='ocrx_word' id='word_1_3' title='bbox 579 210 794 262; x_wconf 74' lang='lat' dir='ltr'>PRAEFATIO.</span> 
     </span>
    </p>
   </div>
   <div class='ocr_carea' id='block_1_2' title="bbox 199 326 1171 2096">
    <p class='ocr_par' dir='ltr' id='par_1_2' title="bbox 199 326 1171 1823">
     <span class='ocr_line' id='line_1_2' title="bbox 266 326 1171 397; baseline 0.006 -6"><span class='ocrx_word' id='word_1_4' title='bbox 266 328 349 391; x_wconf 83' lang='lat' dir='ltr'>Huic</span> <span class='ocrx_word' id='word_1_5' title='bbox 371 326 506 391; x_wconf 88' lang='lat' dir='ltr'><strong>editioni</strong></span> <span class='ocrx_word' id='word_1_6' title='bbox 528 327 679 392; x_wconf 85' lang='lat' dir='ltr'><strong>subiunxi</strong></span> <span class='ocrx_word' id='word_1_7' title='bbox 702 326 877 397; x_wconf 68' lang='lat' dir='ltr'><strong>‘Draconti</strong></span> <span class='ocrx_word' id='word_1_8' title='bbox 905 326 1171 396; x_wconf 84' lang='lat' dir='ltr'><strong>Satisfactio-</strong></span> 
     </span>
     <span class='ocr_line' id='line_1_3' title="bbox 202 410 1169 497; baseline 0.004 -22"><span class='ocrx_word' id='word_1_9' title='bbox 202 434 288 477; x_wconf 89' lang='lat' dir='ltr'><strong>nem</strong></span> <span class='ocrx_word' id='word_1_10' title='bbox 320 410 374 475; x_wconf 84' lang='lat' dir='ltr'><strong>ad&#39;</strong></span> <span class='ocrx_word' id='word_1_11' title='bbox 394 410 660 477; x_wconf 79' lang='lat' dir='ltr'><strong>Guthamuudum</strong></span> <span class='ocrx_word' id='word_1_12' title='bbox 690 431 800 497; x_wconf 87' lang='lat' dir='ltr'><strong>regem</strong></span> <span class='ocrx_word' id='word_1_13' title='bbox 831 412 1053 478; x_wconf 87' lang='lat' dir='ltr'><strong>Vandalorum</strong></span> <span class='ocrx_word' id='word_1_14' title='bbox 1089 414 1169 479; x_wconf 92' lang='lat' dir='ltr'><strong>dum</strong></span> 
     </span>
     <span class='ocr_line' id='line_1_4' title="bbox 202 495 1170 579; baseline 0.001 -17"><span class='ocrx_word' id='word_1_15' title='bbox 202 500 286 562; x_wconf 88' lang='lat' dir='ltr'><strong>esset</strong></span> <span class='ocrx_word' id='word_1_16' title='bbox 311 495 348 558; x_wconf 91' lang='lat' dir='ltr'><strong>in</strong></span> <span class='ocrx_word' id='word_1_17' title='bbox 369 496 506 559; x_wconf 88' lang='lat' dir='ltr'><strong>vinculis</strong></span> <span class='ocrx_word' id='word_1_18' title='bbox 516 502 537 578; x_wconf 91' lang='lat'><strong>&#39;,</strong></span> <span class='ocrx_word' id='word_1_19' title='bbox 565 495 685 579; x_wconf 81' lang='lat' dir='ltr'>quippe</span> <span class='ocrx_word' id='word_1_20' title='bbox 713 496 804 561; x_wconf 88' lang='lat' dir='ltr'><strong>cuius</strong></span> <span class='ocrx_word' id='word_1_21' title='bbox 832 519 957 561; x_wconf 87' lang='lat' dir='ltr'><strong>summa</strong></span> <span class='ocrx_word' id='word_1_22' title='bbox 982 498 1018 561; x_wconf 91' lang='lat' dir='ltr'><strong>in</strong></span> <span class='ocrx_word' id='word_1_23' title='bbox 1046 499 1170 563; x_wconf 88' lang='lat' dir='ltr'><strong>eisdem</strong></span> 
     </span>
     <span class='ocr_line' id='line_1_5' title="bbox 202 580 1168 666; baseline 0.005 -23"><span class='ocrx_word' id='word_1_24' title='bbox 202 580 340 664; x_wconf 80' lang='lat' dir='ltr'><strong>querelis</strong></span> <span class='ocrx_word' id='word_1_25' title='bbox 361 584 523 663; x_wconf 80' lang='lat' dir='ltr'><strong>versetur,</strong></span> <span class='ocrx_word' id='word_1_26' title='bbox 551 600 633 663; x_wconf 88' lang='lat' dir='ltr'><strong>quae</strong></span> <span class='ocrx_word' id='word_1_27' title='bbox 654 580 690 643; x_wconf 91' lang='lat' dir='ltr'><strong>in</strong></span> <span class='ocrx_word' id='word_1_28' title='bbox 713 580 919 664; x_wconf 86' lang='lat' dir='ltr'><strong>epithalamio</strong></span> <span class='ocrx_word' id='word_1_29' title='bbox 947 581 1048 647; x_wconf 86' lang='lat' dir='ltr'><strong>altero</strong></span> <span class='ocrx_word' id='word_1_30' title='bbox 1072 582 1168 666; x_wconf 91' lang='lat' dir='ltr'>(VII)</span> 
     </span>
     <span class='ocr_line' id='line_1_6' title="bbox 201 662 1168 749; baseline 0.005 -22"><span class='ocrx_word' id='word_1_31' title='bbox 201 664 420 748; x_wconf 74' lang='lat' dir='ltr'><strong>proferimtur.</strong></span> <span class='ocrx_word' id='word_1_32' title='bbox 463 662 559 728; x_wconf 82' lang='lat' dir='ltr'><strong>Edidi</strong></span> <span class='ocrx_word' id='word_1_33' title='bbox 586 664 724 748; x_wconf 81' lang='lat' dir='ltr'><strong>elegiam</strong></span> <span class='ocrx_word' id='word_1_34' title='bbox 750 664 869 742; x_wconf 83' lang='lat' dir='ltr'><strong>eodem</strong></span> <span class='ocrx_word' id='word_1_35' title='bbox 890 688 967 730; x_wconf 84' lang='lat' dir='ltr'><strong>usus</strong></span> <span class='ocrx_word' id='word_1_36' title='bbox 995 688 1060 749; x_wconf 90' lang='lat' dir='ltr'><strong>quo</strong></span> <span class='ocrx_word' id='word_1_37' title='bbox 1085 670 1168 732; x_wconf 87' lang='lat' dir='ltr'><strong>Are-</strong></span> 
     </span>
     <span class='ocr_line' id='line_1_7' title="bbox 201 746 1167 835; baseline 0.002 -22"><span class='ocrx_word' id='word_1_38' title='bbox 201 747 293 814; x_wconf 82' lang='lat' dir='ltr'><strong>ralus</strong></span> <span class='ocrx_word' id='word_1_39' title='bbox 320 748 429 813; x_wconf 89' lang='lat' dir='ltr'><strong>codice</strong></span> <span class='ocrx_word' id='word_1_40' title='bbox 457 746 615 813; x_wconf 88' lang='lat' dir='ltr'><strong>Vaticano</strong></span> <span class='ocrx_word' id='word_1_41' title='bbox 665 750 721 832; x_wconf 90' lang='lat' dir='ltr'><strong>qui</strong></span> <span class='ocrx_word' id='word_1_42' title='bbox 750 754 800 813; x_wconf 88' lang='lat' dir='ltr'><strong>est</strong></span> <span class='ocrx_word' id='word_1_43' title='bbox 826 750 1004 835; x_wconf 81' lang='lat' dir='ltr'><strong>Azagrensi</strong></span> <span class='ocrx_word' id='word_1_44' title='bbox 1031 754 1065 814; x_wconf 91' lang='lat' dir='ltr'><strong>et</strong></span> <span class='ocrx_word' id='word_1_45' title='bbox 1101 750 1167 816; x_wconf 82' lang='lat' dir='ltr'><strong>sir-</strong></span> 
     </span>
     <span class='ocr_line' id='line_1_8' title="bbox 201 832 1167 979; baseline 0.001 -82"><span class='ocrx_word' id='word_1_46' title='bbox 201 832 383 897; x_wconf 88' lang='lat' dir='ltr'><strong>mondianis</strong></span> <span class='ocrx_word' id='word_1_47' title='bbox 399 834 439 898; x_wconf 88' lang='lat' dir='ltr'><strong>ab</strong></span> <span class='ocrx_word' id='word_1_48' title='bbox 453 832 602 979; x_wconf 57' lang='lat' dir='ltr'><strong>Eugenio</strong></span> <span class='ocrx_word' id='word_1_49' title='bbox 647 833 776 897; x_wconf 88' lang='lat' dir='ltr'><strong>oletano</strong></span> <span class='ocrx_word' id='word_1_50' title='bbox 797 834 1000 917; x_wconf 68' lang='lat' dir='ltr'><strong>interpolatis</strong></span> <span class='ocrx_word' id='word_1_51' title='bbox 1023 835 1167 918; x_wconf 85' lang='lat' dir='ltr'><strong>uberior,</strong></span> 
     </span>
     <span class='ocr_line' id='line_1_9' title="bbox 202 918 1166 999; baseline 0.001 -17"><span class='ocrx_word' id='word_1_52' title='bbox 202 918 292 983; x_wconf 90' lang='lat' dir='ltr'><strong>cuius</strong></span> <span class='ocrx_word' id='word_1_53' title='bbox 314 939 432 981; x_wconf 86' lang='lat' dir='ltr'><strong>novam</strong></span> <span class='ocrx_word' id='word_1_54' title='bbox 459 937 497 981; x_wconf 89' lang='lat' dir='ltr'><strong>co</strong></span> <span class='ocrx_word' id='word_1_55' title='bbox 525 918 668 981; x_wconf 84' lang='lat' dir='ltr'><strong>ationem</strong></span> <span class='ocrx_word' id='word_1_56' title='bbox 694 939 802 982; x_wconf 90' lang='lat' dir='ltr'><strong>meum</strong></span> <span class='ocrx_word' id='word_1_57' title='bbox 816 919 858 999; x_wconf 90' lang='lat' dir='ltr'><strong>in</strong></span> <span class='ocrx_word' id='word_1_58' title='bbox 880 940 974 982; x_wconf 90' lang='lat' dir='ltr'><strong>usum</strong></span> <span class='ocrx_word' id='word_1_59' title='bbox 995 919 1166 983; x_wconf 86' lang='lat' dir='ltr'><strong>accuratis-</strong></span> 
     </span>
     <span class='ocr_line' id='line_1_10' title="bbox 201 1000 1165 1086; baseline 0 -19"><span class='ocrx_word' id='word_1_60' title='bbox 201 1002 280 1067; x_wconf 89' lang='lat' dir='ltr'><strong>sime</strong></span> <span class='ocrx_word' id='word_1_61' title='bbox 308 1001 449 1067; x_wconf 78' lang='lat' dir='ltr'><strong>confecit</strong></span> <span class='ocrx_word' id='word_1_62' title='bbox 477 1000 635 1086; x_wconf 85' lang='lat' dir='ltr'><strong>Georgius</strong></span> <span class='ocrx_word' id='word_1_63' title='bbox 661 1000 776 1067; x_wconf 88' lang='lat' dir='ltr'><strong>Kaibel</strong></span> <span class='ocrx_word' id='word_1_64' title='bbox 805 1002 935 1066; x_wconf 88' lang='lat' dir='ltr'><strong>amicus.</strong></span> <span class='ocrx_word' id='word_1_65' title='bbox 979 1000 1088 1067; x_wconf 80' lang='lat' dir='ltr'><strong>Codex</strong></span> <span class='ocrx_word' id='word_1_66' title='bbox 1117 1010 1165 1067; x_wconf 86' lang='lat' dir='ltr'><strong>est</strong></span> 
     </span>
     <span class='ocr_line' id='line_1_11' title="bbox 201 1082 1166 1171; baseline 0.001 -21"><span class='ocrx_word' id='word_1_67' title='bbox 201 1086 416 1150; x_wconf 87' lang='lat' dir='ltr'><strong>bibliothecae</strong></span> <span class='ocrx_word' id='word_1_68' title='bbox 430 1106 496 1171; x_wconf 91' lang='lat' dir='ltr'><strong>reg.</strong></span> <span class='ocrx_word' id='word_1_69' title='bbox 510 1082 601 1150; x_wconf 80' lang='lat' dir='ltr'><strong>Sueo.</strong></span> <span class='ocrx_word' id='word_1_70' title='bbox 617 1085 680 1150; x_wconf 85' lang='lat'><strong>508</strong></span> <span class='ocrx_word' id='word_1_71' title='bbox 693 1085 804 1169; x_wconf 76' lang='lat'>(1267)</span> <span class='ocrx_word' id='word_1_72' title='bbox 820 1082 1082 1151; x_wconf 80' lang='lat' dir='ltr'><strong>membranaceus</strong></span> <span class='ocrx_word' id='word_1_73' title='bbox 1098 1109 1166 1151; x_wconf 90' lang='lat' dir='ltr'><strong>sae-</strong></span> 
     </span>
     <span class='ocr_line' id='line_1_12' title="bbox 201 1169 1165 1254; baseline -0.001 -19"><span class='ocrx_word' id='word_1_74' title='bbox 201 1169 265 1235; x_wconf 88' lang='lat' dir='ltr'><strong>culi</strong></span> <span class='ocrx_word' id='word_1_75' title='bbox 280 1169 441 1233; x_wconf 77' lang='lat' dir='ltr'><strong>undecimi</strong></span> <span class='ocrx_word' id='word_1_76' title='bbox 455 1218 462 1233; x_wconf 93' lang='lat'><strong>.</strong></span> <span class='ocrx_word' id='word_1_77' title='bbox 474 1170 642 1252; x_wconf 88' lang='lat' dir='ltr'><strong>descripsit</strong></span> <span class='ocrx_word' id='word_1_78' title='bbox 655 1191 729 1234; x_wconf 90' lang='lat' dir='ltr'><strong>eum</strong></span> <span class='ocrx_word' id='word_1_79' title='bbox 743 1170 901 1235; x_wconf 85' lang='lat' dir='ltr'><strong>Arevalus</strong></span> <span class='ocrx_word' id='word_1_80' title='bbox 914 1170 951 1233; x_wconf 89' lang='lat' dir='ltr'><strong>in</strong></span> <span class='ocrx_word' id='word_1_81' title='bbox 963 1170 1165 1254; x_wconf 82' lang='lat' dir='ltr'><strong>praefatione</strong></span> 
     </span>
     <span class='ocr_line' id='line_1_13' title="bbox 201 1254 1164 1339; baseline -0.001 -21"><span class='ocrx_word' id='word_1_82' title='bbox 201 1276 258 1319; x_wconf 90' lang='lat' dir='ltr'><strong>sua</strong></span> <span class='ocrx_word' id='word_1_83' title='bbox 285 1274 360 1338; x_wconf 89' lang='lat' dir='ltr'><strong>pag.</strong></span> <span class='ocrx_word' id='word_1_84' title='bbox 382 1254 423 1318; x_wconf 82' lang='lat'><strong>58</strong></span> <span class='ocrx_word' id='word_1_85' title='bbox 446 1274 528 1324; x_wconf 83' lang='lat'>8081</span> <span class='ocrx_word' id='word_1_86' title='bbox 561 1257 658 1337; x_wconf 88' lang='lat' dir='ltr'><strong>atque</strong></span> <span class='ocrx_word' id='word_1_87' title='bbox 680 1254 855 1339; x_wconf 83' lang='lat' dir='ltr'><strong>imaginem</strong></span> <span class='ocrx_word' id='word_1_88' title='bbox 883 1254 1002 1320; x_wconf 84' lang='lat' dir='ltr'><strong>adiecit</strong></span> <span class='ocrx_word' id='word_1_89' title='bbox 1028 1256 1164 1319; x_wconf 90' lang='lat' dir='ltr'><strong>subscri-</strong></span> 
     </span>
     <span class='ocr_line' id='line_1_14' title="bbox 200 1336 1165 1422; baseline 0.002 -21"><span class='ocrx_word' id='word_1_90' title='bbox 200 1338 331 1422; x_wconf 87' lang='lat' dir='ltr'><strong>ptionis,</strong></span> <span class='ocrx_word' id='word_1_91' title='bbox 354 1336 439 1402; x_wconf 89' lang='lat' dir='ltr'><strong>unde</strong></span> <span class='ocrx_word' id='word_1_92' title='bbox 461 1338 523 1403; x_wconf 87' lang='lat' dir='ltr'><strong>hoc</strong></span> <span class='ocrx_word' id='word_1_93' title='bbox 540 1339 670 1422; x_wconf 90' lang='lat' dir='ltr'><strong>quidem</strong></span> <span class='ocrx_word' id='word_1_94' title='bbox 693 1338 783 1403; x_wconf 90' lang='lat' dir='ltr'><strong>omni</strong></span> <span class='ocrx_word' id='word_1_95' title='bbox 798 1338 897 1403; x_wconf 89' lang='lat' dir='ltr'><strong>dubio</strong></span> <span class='ocrx_word' id='word_1_96' title='bbox 913 1339 1073 1422; x_wconf 84' lang='lat' dir='ltr'><strong>eximitur,</strong></span> <span class='ocrx_word' id='word_1_97' title='bbox 1096 1360 1165 1403; x_wconf 86' lang='lat' dir='ltr'><strong>esse</strong></span> 
     </span>
     <span class='ocr_line' id='line_1_15' title="bbox 200 1421 1164 1507; baseline 0 -20"><span class='ocrx_word' id='word_1_98' title='bbox 200 1422 241 1487; x_wconf 86' lang='lat' dir='ltr'><strong>ad</strong></span> <span class='ocrx_word' id='word_1_99' title='bbox 263 1422 528 1487; x_wconf 82' lang='lat' dir='ltr'><strong>Guthamundum</strong></span> <span class='ocrx_word' id='word_1_100' title='bbox 550 1422 687 1507; x_wconf 87' lang='lat' dir='ltr'><strong>elegiam</strong></span> <span class='ocrx_word' id='word_1_101' title='bbox 708 1424 771 1487; x_wconf 90' lang='lat' dir='ltr'><strong>scri</strong></span> <span class='ocrx_word' id='word_1_102' title='bbox 793 1426 871 1505; x_wconf 87' lang='lat' dir='ltr'><strong>tam,</strong></span> <span class='ocrx_word' id='word_1_103' title='bbox 893 1424 949 1507; x_wconf 91' lang='lat' dir='ltr'><strong>qui</strong></span> <span class='ocrx_word' id='word_1_104' title='bbox 967 1421 1067 1488; x_wconf 79' lang='lat' dir='ltr'><strong>Carth</strong></span> <span class='ocrx_word' id='word_1_105' title='bbox 1114 1424 1120 1437; x_wconf 86' lang='lat'>&#39;</span> <span class='ocrx_word' id='word_1_106' title='bbox 1147 1446 1164 1487; x_wconf 92' lang='lat' dir='ltr'><strong>e</strong></span> 
     </span>
     <span class='ocr_line' id='line_1_16' title="bbox 199 1445 1164 1591; baseline 0.001 -22"><span class='ocrx_word' id='word_1_107' title='bbox 199 1508 349 1591; x_wconf 83' lang='lat' dir='ltr'><strong>regnavit</strong></span> <span class='ocrx_word' id='word_1_108' title='bbox 376 1508 469 1571; x_wconf 89' lang='lat' dir='ltr'><strong>annis</strong></span> <span class='ocrx_word' id='word_1_109' title='bbox 488 1506 678 1571; x_wconf 81' lang='lat'>484-496.</span> <span class='ocrx_word' id='word_1_110' title='bbox 721 1445 793 1573; x_wconf 74' lang='lat' dir='ltr'><strong>SedJ</strong></span> <span class='ocrx_word' id='word_1_111' title='bbox 811 1507 849 1571; x_wconf 87' lang='lat' dir='ltr'><strong>de</strong></span> <span class='ocrx_word' id='word_1_112' title='bbox 877 1508 929 1572; x_wconf 88' lang='lat' dir='ltr'><strong>his</strong></span> <span class='ocrx_word' id='word_1_113' title='bbox 956 1508 1052 1571; x_wconf 90' lang='lat' dir='ltr'><strong>rebus</strong></span> <span class='ocrx_word' id='word_1_114' title='bbox 1114 1508 1164 1570; x_wconf 88' lang='lat' dir='ltr'><strong>&#39;is-</strong></span> 
     </span>
     <span class='ocr_line' id='line_1_17' title="bbox 200 1590 1165 1673; baseline 0.001 -19"><span class='ocrx_word' id='word_1_115' title='bbox 200 1613 262 1673; x_wconf 89' lang='lat' dir='ltr'><strong>que</strong></span> <span class='ocrx_word' id='word_1_116' title='bbox 295 1590 334 1654; x_wconf 90' lang='lat' dir='ltr'><strong>ad</strong></span> <span class='ocrx_word' id='word_1_117' title='bbox 367 1590 523 1655; x_wconf 89' lang='lat' dir='ltr'><strong>Draconti</strong></span> <span class='ocrx_word' id='word_1_118' title='bbox 553 1590 654 1665; x_wconf 78' lang='lat' dir='ltr'><strong>vitam</strong></span> <span class='ocrx_word' id='word_1_119' title='bbox 683 1592 799 1655; x_wconf 87' lang='lat' dir='ltr'><strong>certius</strong></span> <span class='ocrx_word' id='word_1_120' title='bbox 828 1590 1084 1656; x_wconf 86' lang='lat' dir='ltr'><strong>constituendam</strong></span> <span class='ocrx_word' id='word_1_121' title='bbox 1110 1613 1165 1655; x_wconf 89' lang='lat' dir='ltr'><strong>ne-</strong></span> 
     </span>
     <span class='ocr_line' id='line_1_18' title="bbox 200 1674 1164 1758; baseline -0.002 -18"><span class='ocrx_word' id='word_1_122' title='bbox 200 1674 344 1740; x_wconf 89' lang='lat' dir='ltr'><strong>cessariis</strong></span> <span class='ocrx_word' id='word_1_123' title='bbox 376 1696 457 1757; x_wconf 89' lang='lat' dir='ltr'><strong>quae</strong></span> <span class='ocrx_word' id='word_1_124' title='bbox 484 1681 581 1757; x_wconf 90' lang='lat' dir='ltr'><strong>pocta</strong></span> <span class='ocrx_word' id='word_1_125' title='bbox 608 1675 677 1758; x_wconf 87' lang='lat' dir='ltr'><strong>ipse</strong></span> <span class='ocrx_word' id='word_1_126' title='bbox 699 1674 822 1740; x_wconf 89' lang='lat' dir='ltr'><strong>indicat</strong></span> <span class='ocrx_word' id='word_1_127' title='bbox 849 1675 984 1739; x_wconf 83' lang='lat' dir='ltr'><strong>collecta</strong></span> <span class='ocrx_word' id='word_1_128' title='bbox 1016 1676 1164 1739; x_wconf 86' lang='lat' dir='ltr'><strong>invenies</strong></span> 
     </span>
     <span class='ocr_line' id='line_1_19' title="bbox 199 1758 567 1823; baseline 0.003 -1"><span class='ocrx_word' id='word_1_129' title='bbox 199 1759 234 1822; x_wconf 88' lang='lat' dir='ltr'><strong>in</strong></span> <span class='ocrx_word' id='word_1_130' title='bbox 261 1758 366 1822; x_wconf 89' lang='lat' dir='ltr'><strong>indice</strong></span> <span class='ocrx_word' id='word_1_131' title='bbox 388 1758 567 1823; x_wconf 88' lang='lat' dir='ltr'><strong>nominum.</strong></span> 
     </span>
    </p>

    <p class='ocr_par' dir='ltr' id='par_1_3' title="bbox 200 1842 1164 2096">
     <span class='ocr_line' id='line_1_20' title="bbox 263 1842 1164 1927; baseline 0 -21"><span class='ocrx_word' id='word_1_132' title='bbox 263 1842 313 1907; x_wconf 91' lang='lat' dir='ltr'><strong>De</strong></span> <span class='ocrx_word' id='word_1_133' title='bbox 334 1864 369 1907; x_wconf 89' lang='lat' dir='ltr'><strong>re</strong></span> <span class='ocrx_word' id='word_1_134' title='bbox 397 1843 606 1927; x_wconf 87' lang='lat' dir='ltr'><strong>grammatica</strong></span> <span class='ocrx_word' id='word_1_135' title='bbox 628 1847 662 1907; x_wconf 89' lang='lat' dir='ltr'><strong>et</strong></span> <span class='ocrx_word' id='word_1_136' title='bbox 682 1843 815 1907; x_wconf 88' lang='lat' dir='ltr'><strong>metrica</strong></span> <span class='ocrx_word' id='word_1_137' title='bbox 836 1864 917 1927; x_wconf 89' lang='lat' dir='ltr'><strong>quae</strong></span> <span class='ocrx_word' id='word_1_138' title='bbox 939 1842 1021 1907; x_wconf 85' lang='lat' dir='ltr'><strong>scitu</strong></span> <span class='ocrx_word' id='word_1_139' title='bbox 1044 1843 1164 1927; x_wconf 90' lang='lat' dir='ltr'><strong>dignis-</strong></span> 
     </span>
     <span class='ocr_line' id='line_1_21' title="bbox 200 1926 1162 2011; baseline 0 -20"><span class='ocrx_word' id='word_1_140' title='bbox 200 1928 281 1991; x_wconf 89' lang='lat' dir='ltr'><strong>sima</strong></span> <span class='ocrx_word' id='word_1_141' title='bbox 321 1926 527 2011; x_wconf 88' lang='lat' dir='ltr'><strong>videbantur,</strong></span> <span class='ocrx_word' id='word_1_142' title='bbox 564 1927 646 1993; x_wconf 90' lang='lat' dir='ltr'><strong>colle</strong></span> <span class='ocrx_word' id='word_1_143' title='bbox 672 1928 678 1940; x_wconf 88' lang='lat'>&#39;</span> <span class='ocrx_word' id='word_1_144' title='bbox 715 1928 751 1991; x_wconf 92' lang='lat' dir='ltr'><strong>in</strong></span> <span class='ocrx_word' id='word_1_145' title='bbox 787 1928 961 2010; x_wconf 90' lang='lat' dir='ltr'><strong>specimine</strong></span> <span class='ocrx_word' id='word_1_146' title='bbox 996 1929 1162 2008; x_wconf 87' lang='lat' dir='ltr'><strong>sermonis,</strong></span> 
     </span>
     <span class='ocr_line' id='line_1_22' title="bbox 200 2012 1163 2096; baseline -0.001 -21"><span class='ocrx_word' id='word_1_147' title='bbox 200 2033 273 2075; x_wconf 91' lang='lat' dir='ltr'><strong>eum</strong></span> <span class='ocrx_word' id='word_1_148' title='bbox 295 2033 371 2075; x_wconf 87' lang='lat' dir='ltr'><strong>vero</strong></span> <span class='ocrx_word' id='word_1_149' title='bbox 401 2012 457 2096; x_wconf 91' lang='lat' dir='ltr'><strong>qui</strong></span> <span class='ocrx_word' id='word_1_150' title='bbox 484 2012 635 2076; x_wconf 87' lang='lat' dir='ltr'><strong>maluerit</strong></span> <span class='ocrx_word' id='word_1_151' title='bbox 724 2033 742 2075; x_wconf 92' lang='lat' dir='ltr'><strong>c</strong></span> <span class='ocrx_word' id='word_1_152' title='bbox 770 2012 879 2075; x_wconf 90' lang='lat' dir='ltr'><strong>omnia</strong></span> <span class='ocrx_word' id='word_1_153' title='bbox 906 2013 965 2076; x_wconf 87' lang='lat' dir='ltr'><strong>sub</strong></span> <span class='ocrx_word' id='word_1_154' title='bbox 993 2032 1058 2075; x_wconf 90' lang='lat' dir='ltr'><strong>uno</strong></span> <span class='ocrx_word' id='word_1_155' title='bbox 1088 2032 1163 2075; x_wconf 90' lang='lat' dir='ltr'><strong>con-</strong></span> 
     </span>
    </p>
   </div>
   <div class='ocr_carea' id='block_1_3' title="bbox 195 2092 1226 3191">
    <p class='ocr_par' dir='ltr' id='par_1_4' title="bbox 195 2092 1226 3191">
     <span class='ocr_line' id='line_1_23' title="bbox 198 2092 1162 2244; baseline 0.001 -2"><span class='ocrx_word' id='word_1_156' title='bbox 198 2094 1052 2244; x_wconf 47' lang='lat' dir='ltr'><strong>subsultastisbrutrucum</strong></span> <span class='ocrx_word' id='word_1_157' title='bbox 1066 2092 1162 2243; x_wconf 61' lang='lat'><strong>⁶³33·</strong></span> 
     </span>
     <span class='ocr_line' id='line_1_24' title="bbox 200 2183 1160 2347; baseline 0 -20"><span class='ocrx_word' id='word_1_158' title='bbox 200 2263 283 2327; x_wconf 89' lang='lat' dir='ltr'><strong>diam</strong></span> <span class='ocrx_word' id='word_1_159' title='bbox 307 2262 414 2327; x_wconf 85' lang='lat' dir='ltr'><strong>edidit</strong></span> <span class='ocrx_word' id='word_1_160' title='bbox 459 2263 564 2327; x_wconf 78' lang='lat' dir='ltr'><strong>Tanta</strong></span> <span class='ocrx_word' id='word_1_161' title='bbox 584 2202 672 2328; x_wconf 65' lang='lat' dir='ltr'><strong>entur</strong></span> <span class='ocrx_word' id='word_1_162' title='bbox 692 2264 749 2327; x_wconf 84' lang='lat' dir='ltr'><strong>isti</strong></span> <span class='ocrx_word' id='word_1_163' title='bbox 772 2201 908 2328; x_wconf 61' lang='lat' dir='ltr'><strong>crimini</strong></span> <span class='ocrx_word' id='word_1_164' title='bbox 929 2183 1160 2347; x_wconf 48' lang='grc' dir='ltr'><strong>ᾶὶεεροωξζὲιιίε,</strong></span> 
     </span>
     <span class='ocr_line' id='line_1_25' title="bbox 196 2347 1160 2432; baseline 0 -21"><span class='ocrx_word' id='word_1_165' title='bbox 196 2348 378 2431; x_wconf 88' lang='lat' dir='ltr'><strong>verborum,</strong></span> <span class='ocrx_word' id='word_1_166' title='bbox 402 2347 567 2430; x_wconf 88' lang='lat' dir='ltr'><strong>dictionis,</strong></span> <span class='ocrx_word' id='word_1_167' title='bbox 588 2348 791 2432; x_wconf 87' lang='lat' dir='ltr'><strong>integrorum</strong></span> <span class='ocrx_word' id='word_1_168' title='bbox 812 2368 962 2413; x_wconf 77' lang='lat' dir='ltr'><strong>uersuum</strong></span> <span class='ocrx_word' id='word_1_169' title='bbox 983 2347 1160 2411; x_wconf 87' lang='lat' dir='ltr'><strong>similitudo</strong></span> 
     </span>
     <span class='ocr_line' id='line_1_26' title="bbox 199 2428 1160 2516; baseline -0.002 -19"><span class='ocrx_word' id='word_1_170' title='bbox 199 2454 272 2497; x_wconf 88' lang='lat' dir='ltr'><strong>oum</strong></span> <span class='ocrx_word' id='word_1_171' title='bbox 294 2433 413 2497; x_wconf 91' lang='lat' dir='ltr'><strong>nostris</strong></span> <span class='ocrx_word' id='word_1_172' title='bbox 442 2432 636 2497; x_wconf 87' lang='lat' dir='ltr'><strong>carminibus</strong></span> <span class='ocrx_word' id='word_1_173' title='bbox 656 2428 901 2516; x_wconf 88' lang='lat' dir='ltr'><strong>intercedit,‘ut</strong></span> <span class='ocrx_word' id='word_1_174' title='bbox 922 2431 1058 2497; x_wconf 89' lang='lat' dir='ltr'><strong>eundem</strong></span> <span class='ocrx_word' id='word_1_175' title='bbox 1079 2430 1160 2495; x_wconf 88' lang='lat' dir='ltr'><strong>Dra-</strong></span> 
     </span>
     <span class='ocr_line' id='line_1_27' title="bbox 198 2515 1159 2601; baseline -0.003 -20"><span class='ocrx_word' id='word_1_176' title='bbox 198 2517 342 2581; x_wconf 88' lang='lat' dir='ltr'><strong>contium</strong></span> <span class='ocrx_word' id='word_1_177' title='bbox 370 2516 516 2581; x_wconf 87' lang='lat' dir='ltr'><strong>Orestem</strong></span> <span class='ocrx_word' id='word_1_178' title='bbox 538 2517 700 2601; x_wconf 87' lang='lat' dir='ltr'><strong>scripsisse</strong></span> <span class='ocrx_word' id='word_1_179' title='bbox 727 2516 808 2580; x_wconf 89' lang='lat' dir='ltr'><strong>mihi</strong></span> <span class='ocrx_word' id='word_1_180' title='bbox 830 2515 959 2599; x_wconf 89' lang='lat' dir='ltr'><strong>quidem</strong></span> <span class='ocrx_word' id='word_1_181' title='bbox 985 2516 1159 2598; x_wconf 86' lang='lat' dir='ltr'><strong>persuasis-</strong></span> 
     </span>
     <span class='ocr_line' id='line_1_28' title="bbox 197 2600 1160 2685; baseline -0.004 -19"><span class='ocrx_word' id='word_1_182' title='bbox 197 2601 313 2667; x_wconf 89' lang='lat' dir='ltr'><strong>simum</strong></span> <span class='ocrx_word' id='word_1_183' title='bbox 351 2602 403 2667; x_wconf 83' lang='lat' dir='ltr'><strong>sit.</strong></span> <span class='ocrx_word' id='word_1_184' title='bbox 445 2600 614 2665; x_wconf 88' lang='lat' dir='ltr'><strong>Nonnulla</strong></span> <span class='ocrx_word' id='word_1_185' title='bbox 657 2602 726 2685; x_wconf 86' lang='lat' dir='ltr'><strong>ipse</strong></span> <span class='ocrx_word' id='word_1_186' title='bbox 759 2607 827 2665; x_wconf 92' lang='lat' dir='ltr'><strong>tam</strong></span> <span class='ocrx_word' id='word_1_187' title='bbox 864 2600 900 2663; x_wconf 91' lang='lat' dir='ltr'><strong>in</strong></span> <span class='ocrx_word' id='word_1_188' title='bbox 935 2600 1023 2663; x_wconf 88' lang='lat' dir='ltr'><strong>notis</strong></span> <span class='ocrx_word' id='word_1_189' title='bbox 1062 2620 1160 2683; x_wconf 88' lang='lat' dir='ltr'><strong>quam</strong></span> 
     </span>
     <span class='ocr_line' id='line_1_29' title="bbox 197 2683 1160 2769; baseline -0.003 -20"><span class='ocrx_word' id='word_1_190' title='bbox 197 2686 233 2748; x_wconf 90' lang='lat' dir='ltr'><strong>in</strong></span> <span class='ocrx_word' id='word_1_191' title='bbox 261 2686 417 2749; x_wconf 88' lang='lat' dir='ltr'><strong>sermonis</strong></span> <span class='ocrx_word' id='word_1_192' title='bbox 444 2686 618 2769; x_wconf 89' lang='lat' dir='ltr'><strong>specimine</strong></span> <span class='ocrx_word' id='word_1_193' title='bbox 645 2684 811 2769; x_wconf 88' lang='lat' dir='ltr'><strong>composui</strong></span> <span class='ocrx_word' id='word_1_194' title='bbox 838 2683 968 2767; x_wconf 83' lang='lat' dir='ltr'><strong>similia,</strong></span> <span class='ocrx_word' id='word_1_195' title='bbox 996 2684 1090 2767; x_wconf 89' lang='lat' dir='ltr'><strong>plura</strong></span> <span class='ocrx_word' id='word_1_196' title='bbox 1110 2683 1160 2746; x_wconf 92' lang='lat' dir='ltr'><strong>in-</strong></span> 
     </span>
     <span class='ocr_line' id='line_1_30' title="bbox 196 2769 1159 2854; baseline -0.004 -20"><span class='ocrx_word' id='word_1_197' title='bbox 196 2770 306 2835; x_wconf 88' lang='lat' dir='ltr'><strong>veniet</strong></span> <span class='ocrx_word' id='word_1_198' title='bbox 326 2770 508 2854; x_wconf 88' lang='lat' dir='ltr'><strong>quicunque</strong></span> <span class='ocrx_word' id='word_1_199' title='bbox 536 2773 672 2853; x_wconf 84' lang='lat' dir='ltr'><strong>utraque</strong></span> <span class='ocrx_word' id='word_1_200' title='bbox 700 2769 842 2833; x_wconf 89' lang='lat' dir='ltr'><strong>carmina</strong></span> <span class='ocrx_word' id='word_1_201' title='bbox 870 2769 1047 2832; x_wconf 88' lang='lat' dir='ltr'><strong>accuratius</strong></span> <span class='ocrx_word' id='word_1_202' title='bbox 1073 2787 1159 2832; x_wconf 93' lang='lat' dir='ltr'><strong>com-</strong></span> 
     </span>
     <span class='ocr_line' id='line_1_31' title="bbox 195 2852 1159 2939; baseline -0.005 -20"><span class='ocrx_word' id='word_1_203' title='bbox 195 2855 366 2939; x_wconf 85' lang='lat' dir='ltr'><strong>paraverit.</strong></span> <span class='ocrx_word' id='word_1_204' title='bbox 411 2852 473 2918; x_wconf 81' lang='lat' dir='ltr'><strong>sed</strong></span> <span class='ocrx_word' id='word_1_205' title='bbox 501 2854 579 2917; x_wconf 87' lang='lat' dir='ltr'><strong>haec</strong></span> <span class='ocrx_word' id='word_1_206' title='bbox 612 2852 777 2918; x_wconf 72' lang='lat' dir='ltr'><strong>hactenus,</strong></span> <span class='ocrx_word' id='word_1_207' title='bbox 817 2874 928 2917; x_wconf 89' lang='lat' dir='ltr'><strong>omnes</strong></span> <span class='ocrx_word' id='word_1_208' title='bbox 954 2856 1062 2916; x_wconf 87' lang='lat' dir='ltr'><strong>autem</strong></span> <span class='ocrx_word' id='word_1_209' title='bbox 1089 2852 1159 2935; x_wconf 92' lang='lat' dir='ltr'><strong>qui-</strong></span> 
     </span>
     <span class='ocr_line' id='line_1_32' title="bbox 197 2936 1159 3019; baseline -0.005 -15"><span class='ocrx_word' id='word_1_210' title='bbox 197 2940 257 3004; x_wconf 91' lang='lat' dir='ltr'><strong>bus</strong></span> <span class='ocrx_word' id='word_1_211' title='bbox 271 2939 324 3004; x_wconf 92' lang='lat' dir='ltr'><strong>hic</strong></span> <span class='ocrx_word' id='word_1_212' title='bbox 339 2937 466 3004; x_wconf 89' lang='lat' dir='ltr'><strong>libellus</strong></span> <span class='ocrx_word' id='word_1_213' title='bbox 481 2938 515 3001; x_wconf 90' lang='lat' dir='ltr'><strong>in</strong></span> <span class='ocrx_word' id='word_1_214' title='bbox 530 2960 644 3002; x_wconf 90' lang='lat' dir='ltr'><strong>manus</strong></span> <span class='ocrx_word' id='word_1_215' title='bbox 662 2938 787 3001; x_wconf 85' lang='lat' dir='ltr'><strong>venerit</strong></span> <span class='ocrx_word' id='word_1_216' title='bbox 802 2958 870 3001; x_wconf 91' lang='lat' dir='ltr'><strong>non</strong></span> <span class='ocrx_word' id='word_1_217' title='bbox 887 2936 1046 3001; x_wconf 89' lang='lat' dir='ltr'><strong>minorem</strong></span> <span class='ocrx_word' id='word_1_218' title='bbox 1060 2957 1159 3019; x_wconf 91' lang='lat' dir='ltr'><strong>quam</strong></span> 
     </span>
     <span class='ocr_line' id='line_1_33' title="bbox 197 3018 1159 3107; baseline -0.005 -20"><span class='ocrx_word' id='word_1_219' title='bbox 197 3028 316 3089; x_wconf 86' lang='lat' dir='ltr'><strong>memet</strong></span> <span class='ocrx_word' id='word_1_220' title='bbox 336 3024 443 3107; x_wconf 90' lang='lat' dir='ltr'><strong>ipsum</strong></span> <span class='ocrx_word' id='word_1_221' title='bbox 464 3022 602 3107; x_wconf 90' lang='lat' dir='ltr'><strong>gratiam</strong></span> <span class='ocrx_word' id='word_1_222' title='bbox 622 3021 791 3086; x_wconf 89' lang='lat' dir='ltr'><strong>habituros</strong></span> <span class='ocrx_word' id='word_1_223' title='bbox 813 3041 881 3085; x_wconf 85' lang='lat' dir='ltr'><strong>esse</strong></span> <span class='ocrx_word' id='word_1_224' title='bbox 901 3019 1091 3085; x_wconf 90' lang='lat' dir='ltr'><strong>Buecheleri</strong></span> <span class='ocrx_word' id='word_1_225' title='bbox 1113 3018 1159 3083; x_wconf 92' lang='lat' dir='ltr'><strong>di-</strong></span> 
     </span>
     <span class='ocr_line' id='line_1_34' title="bbox 196 3104 1226 3191; baseline -0.002 -22"><span class='ocrx_word' id='word_1_226' title='bbox 196 3108 361 3171; x_wconf 87' lang='lat' dir='ltr'><strong>lectissimi</strong></span> <span class='ocrx_word' id='word_1_227' title='bbox 383 3106 599 3191; x_wconf 89' lang='lat' dir='ltr'><strong>praeceptoris</strong></span> <span class='ocrx_word' id='word_1_228' title='bbox 621 3106 754 3191; x_wconf 85' lang='lat' dir='ltr'><strong>ingenio</strong></span> <span class='ocrx_word' id='word_1_229' title='bbox 777 3104 931 3169; x_wconf 89' lang='lat' dir='ltr'><strong>acerrimo</strong></span> <span class='ocrx_word' id='word_1_230' title='bbox 954 3106 1015 3169; x_wconf 92' lang='lat' dir='ltr'><strong>hoc</strong></span> <span class='ocrx_word' id='word_1_231' title='bbox 1037 3104 1114 3168; x_wconf 88' lang='lat' dir='ltr'><strong>scio.</strong></span> <span class='ocrx_word' id='word_1_232' title='bbox 1224 3159 1226 3186; x_wconf 43' lang='lat'><em>2</em></span> 
     </span>
    </p>
   </div>
   <div class='ocr_carea' id='block_1_4' title="bbox 283 3220 1226 3294">
    <p class='ocr_par' dir='ltr' id='par_1_5' title="bbox 283 3220 1226 3294">
     <span class='ocr_line' id='line_1_35' title="bbox 283 3220 1226 3294; baseline -0.003 -7"><span class='ocrx_word' id='word_1_233' title='bbox 283 3222 408 3287; x_wconf 88' lang='lat' dir='ltr'><strong>Dabam</strong></span> <span class='ocrx_word' id='word_1_234' title='bbox 430 3223 564 3289; x_wconf 90' lang='lat' dir='ltr'><strong>Bonnae</strong></span> <span class='ocrx_word' id='word_1_235' title='bbox 587 3223 638 3287; x_wconf 89' lang='lat' dir='ltr'><strong>die</strong></span> <span class='ocrx_word' id='word_1_236' title='bbox 659 3244 748 3288; x_wconf 89' lang='lat' dir='ltr'><strong>nono</strong></span> <span class='ocrx_word' id='word_1_237' title='bbox 769 3222 888 3287; x_wconf 88' lang='lat' dir='ltr'><strong>mensis</strong></span> <span class='ocrx_word' id='word_1_238' title='bbox 909 3220 1105 3287; x_wconf 85' lang='lat' dir='ltr'><strong>Decembris.</strong></span> <span class='ocrx_word' id='word_1_239' title='bbox 1224 3235 1226 3294; x_wconf 71' lang='grc' dir='ltr'><strong>ι</strong></span> 
     </span>
    </p>
   </div>
   <div class='ocr_carea' id='block_1_5' title="bbox 0 0 1254 3911">
    <p class='ocr_par' dir='ltr' id='par_1_6' title="bbox 0 0 1254 3911">
     <span class='ocr_line' id='line_1_36' title="bbox 0 0 1254 3911; baseline 0 0"><span class='ocrx_word' id='word_1_240' title='bbox 0 0 1254 3911; x_wconf 95' lang='lat' dir='ltr'><strong> </strong></span> 
     </span>
    </p>
   </div>
  </div>
 </body>
</html>
