2500 3917
194 244 234 307 16
288 252 293 259 ·
557 241 840 293 couraousssm

256 392 420 457 Sollicitus
434 391 554 455 multos
568 390 685 454 metuit
699 411 796 472 quem
809 390 905 453 turba
919 392 1069 471 ueretur,

258 476 467 541 Circumdant
480 475 603 557 famuli,
618 476 727 557 plures
742 474 904 556 stipantur
919 473 1023 536 amici.

195 573 244 623 180
258 558 379 623 Diuitis
392 558 545 641 obsequio
558 558 722 621 concurrit
735 558 830 620 turba
841 556 1004 641 clientum,

256 643 309 708 Sic
324 644 386 707 iter
400 646 529 725 aptatur
543 641 596 705 uel
611 642 766 705 transitus
781 640 836 704 ille
857 645 999 723 paratur,

256 727 385 791 Audeat
398 731 435 789 ut
449 726 557 790 nullus
572 724 636 788 hoe
650 728 876 807 praetereunte
891 726 1012 788 uenire.

238 962 402 1035 Quaestio:
422 963 467 1027 At
480 961 619 1043 inquies:
640 959 695 1025 sed
708 961 817 1043 potest
830 977 985 1025 uenenum
998 978 1129 1043 pauper

363 1048 461 1115 diuiti
474 1050 598 1114 saerata
612 1049 796 1131 obreptione
812 1066 995 1131 supponere.

256 1202 353 1266 Tetra
366 1222 493 1265 uenena
507 1201 580 1265 neci
594 1202 699 1285 pretio
714 1202 834 1265 maiore
851 1205 1005 1284 parantur

256 1286 301 1349 Et
314 1308 431 1349 munus
446 1289 568 1350 secreta
580 1285 685 1350 fouet:
702 1286 773 1368 quis
788 1286 935 1349 conscius
949 1307 1097 1368 unquam

195 1383 243 1431 185
257 1370 469 1453 Incorruptus
484 1370 559 1451 erit,
575 1370 631 1453 qui
645 1370 769 1433 nonsit
784 1373 870 1433 sorte
886 1369 1070 1453 redemptus

258 1452 419 1529 Quantam
428 1454 517 1517 diues
529 1452 636 1536 habet,
644 1458 796 1536 quantam
802 1474 862 1516 nee
873 1475 996 1536 pauper
1005 1452 1169 1517 habebit?

257 1538 348 1601 Adde
365 1537 451 1619 quod
463 1538 577 1601 infelix
591 1558 715 1619 pauper
729 1558 789 1601 nee
803 1542 899 1601 noete
914 1537 1116 1620 propinquat

257 1620 378 1684 Diuitis
392 1621 433 1683 ad
448 1625 579 1687 tectum.
608 1642 685 1683 nam
700 1643 776 1685 mox
790 1643 849 1704 pro
865 1621 936 1685 fure
956 1625 1097 1701 tenetur,

168 1768 169 1771 ,
256 1704 443 1768 Nocturnus
458 1706 620 1787 grassator
635 1704 705 1786 erit,
721 1704 856 1768 ferietur
870 1705 1002 1769 inermis

197 1801 245 1849 190
260 1788 304 1852 Et
318 1791 497 1870 prostratus
512 1788 606 1870 inops
620 1788 798 1853 armabitur
812 1809 887 1851 ense
900 1792 1032 1852 eruento
1238 1817 1240 1838 =

259 1870 307 1935 Ut
321 1870 464 1968 gladium
479 1870 645 1935 strinxisse
659 1875 753 1955 putes
767 1873 803 1936 in
818 1873 887 1936 fata
900 1872 1042 1955 potentis
1238 1867 1240 1918 Ι

258 1955 382 2019 Diurtis
397 1960 471 2019 ante
486 1955 581 2020 fores.
610 1956 752 2020 medicos
766 1959 822 2019 aut
835 1956 920 2020 forte
935 1956 1102 2019 ministros

101 2070 133 2118 [ρ.
146 2072 181 2119 17]
260 2038 440 2103 Sollicitare
455 2043 563 2122 potest
577 2040 682 2102 audax
696 2040 756 2104 sub
770 2044 866 2104 noete
881 2040 989 2104 silenti

260 2121 323 2195 Qui
340 2124 399 2185 sub
413 2123 485 2186 luce
500 2123 610 2205 fugit?
631 2122 767 2205 pauidos
782 2124 937 2188 informat
951 2127 1094 2207 egestas,

197 2218 245 2267 195
260 2204 404 2269 Diuitiae
419 2206 505 2268 uires
519 2210 685 2289 praestant
699 2208 887 2291 animosque
902 2212 1082 2271 resumunt.

258 2289 436 2371 Paupertas
451 2290 598 2353 conferre
613 2294 718 2354 metus
734 2291 859 2355 adferre
874 2313 1029 2374 pauorem

259 2372 361 2438 Nouit
376 2376 408 2437 et
422 2373 457 2436 in
472 2374 605 2437 miseros
621 2396 747 2457 semper
761 2376 926 2439 stimulare
940 2378 1100 2459 potentes.

259 2523 410 2588 Forsitan
426 2521 572 2589 obiicias:
587 2526 676 2589 urbis
692 2526 841 2589 defensor
855 2526 1002 2590 habetur.

258 2607 335 2671 Non
351 2630 432 2691 opus
448 2612 496 2671 est
510 2607 668 2691 laedatur,
683 2610 739 2673 ais.
767 2631 827 2674 nee
842 2609 947 2673 laedat
961 2610 1136 2691 honestos,

196 2704 247 2752 200
260 2691 301 2755 In
316 2712 484 2755 commune
499 2692 603 2756 bonos
617 2697 705 2758 totos
720 2694 872 2757 defendat
886 2698 918 2757 et
933 2696 1036 2776 ornet,

259 2775 374 2859 Erigat
389 2796 568 2859 oppressos,
584 2776 754 2841 mediocris
768 2799 891 2861 pauper
905 2781 1039 2841 ametur.
1237 2781 1239 2822 ¹

259 2857 337 2923 Non
354 2857 425 2923 ideo
441 2858 562 2922 bellum
577 2864 647 2923 tota
664 2863 784 2925 uirtrte
799 2862 926 2946 peregit

263 2942 310 3007 Ut
324 2943 419 3006 liceat
432 2943 495 3006 ciui
510 2944 596 3007 ciues
611 2944 743 3028 impune
757 2967 880 3009 neeare.

263 3025 393 3091 Fortior
408 3030 456 3089 est
471 3026 559 3090 diues
574 3029 711 3111 iuuenis,
726 3029 829 3113 magis
843 3029 918 3093 inde
933 3028 1104 3093 timendus.

268 3180 316 3229 118
331 3188 393 3242 post
414 3180 514 3230 multos
531 3183 624 3245 legitur
646 3182 739 3231 timuit
756 3185 804 3232 sed
825 3191 977 3246 expunctum
1047 3183 1096 3233 184
1119 3182 1170 3243 qni

199 3258 267 3292 corr.
286 3244 381 3297 Bueclr.
466 3250 514 3297 185
536 3250 661 3312 quisquis
683 3265 751 3300 corr.
772 3249 890 3313 Boeoti
911 3250 982 3299 forte
1006 3256 1033 3298 et
1054 3250 1103 3299 186
1127 3248 1168 3296 bia

201 3313 333 3369 quantum
351 3313 419 3373 quod
434 3317 510 3374 posui
526 3317 659 3378 temptauit
680 3314 772 3365 Buect.
860 3318 908 3366 191
927 3316 1050 3380 petentis
1114 3316 1168 3364 197

198 3376 306 3435 epatium
323 3377 437 3425 relictum
457 3380 601 3445 aipnamque
624 3385 786 3445 corruptelae
805 3385 952 3447 praefioeum
969 3390 1016 3432 est.
1052 3384 1085 3431 de
1101 3396 1170 3444 sup·

196 3441 322 3501 plemento
340 3442 461 3502 conferas
478 3445 518 3492 IX
536 3448 550 3495 7
567 3442 643 3508 Ιάἱία
662 3452 775 3512 quaestio
797 3452 824 3499 in
845 3449 1007 3514 sequentibus
1024 3454 1170 3498 tractatur.

199 3509 317 3556 nonnulla
336 3508 495 3557 ceciderunt.
565 3516 615 3561 200
634 3514 721 3563 bonus
739 3531 807 3565 corr.
826 3516 925 3572 Bueot.
