2500 3917
180 230 202 295 4
601 229 720 280 araas

195 394 229 441 eo
244 380 400 444 Iudicium
415 378 539 442 Paridis
554 379 605 442 uel
621 382 764 460 nostros,
779 382 870 460 nate,
885 379 1068 462 triumphos

245 462 422 529 Centarent
435 452 551 526 fluidae
566 466 734 545 carpentes
748 484 849 545 pensa
861 461 998 545 puellae.

243 547 304 612 Est
341 548 457 611 emitas
471 545 551 610 haec
567 568 662 611 causa
677 546 750 609 mei.
781 567 860 629 quas
875 568 932 609 ure
948 547 1075 631 sagittis

248 568 352 696 Corda
367 632 419 694 uel
434 631 562 694 illarum
577 630 662 693 dulci
677 630 831 713 continge
849 651 991 694 ueneno:

245 714 390 779 Noscant
405 714 480 798 quid
496 714 539 778 sit
553 736 652 796 amor,
668 713 793 777 discant
806 715 864 777 tua
877 714 943 777 tela
952 716 1088 795 paellae.

198 812 230 861 65
245 798 368 862 Alcidis
384 819 489 862 comes
505 802 552 862 est
567 819 674 862 comes
688 797 866 880 puerilibus
880 798 974 861 annis

247 882 350 958 Quem
364 885 463 946 rubor
477 886 514 945 ut
527 903 638 946 roseus
653 884 698 945 sic
714 882 834 945 candor
848 881 969 945 lacteus
985 885 1096 964 ornat,

245 966 299 1029 Illi
313 987 492 1049 purpureus
507 966 604 1028 niueo
619 969 711 1029 natat
724 965 810 1049 ignis
825 965 860 1028 in
875 986 945 1029 ore:

104 1068 136 1117 [r.
149 1068 170 1115 4]
248 1048 319 1113 Hoc
333 1071 433 1132 puero
449 1050 518 1113 uiso
533 1048 760 1132 Nympharum
775 1050 870 1112 turba
884 1049 1029 1113 calescat.
1235 1089 1237 1142 Ι

246 1133 334 1196 Haec
349 1132 413 1195 illis
429 1134 470 1196 sit
484 1154 590 1215 poena
604 1153 726 1196 nocens
741 1137 777 1197 ut
792 1136 869 1197 uota
883 1132 1053 1196 trahantur

198 1230 231 1278 το
244 1217 392 1299 Ipsarum
406 1217 441 1279 in
457 1217 590 1300 longum
606 1215 708 1279 donec
723 1217 876 1298 pubescat
890 1220 1042 1279 amatus.’

246 1300 319 1364 Ibat
333 1300 437 1363 adhuc
451 1301 488 1362 in
502 1301 601 1363 uerba
616 1299 708 1363 dolor
722 1300 758 1362 ni
772 1300 923 1383 pinniger
937 1300 1041 1363 audax

247 1383 424 1447 Dimittens
438 1387 574 1463 matrem
588 1382 752 1447 fricuisset
767 1389 838 1448 cote
853 1384 996 1468 sagittae.

247 1469 335 1531 Arcu
350 1468 473 1531 cinctus
489 1471 571 1549 erat,
588 1467 706 1531 dantur
719 1471 794 1550 post
806 1470 899 1551 terga
912 1468 1083 1550 pharetrae

247 1550 377 1633 Accipit
391 1555 424 1614 et
437 1551 580 1613 flammas
600 1549 770 1615 hominum
785 1551 957 1633 diuumque
972 1550 1133 1633 uoluptas.
1236 1585 1238 1588 ·

201 1648 233 1695 75
248 1635 368 1698 Euolat
383 1637 535 1697 armatus
565 1634 621 1697 uix
637 1635 760 1698 caelum
777 1635 915 1718 liquerat
929 1634 995 1698 ales

249 1719 381 1800 lamque
396 1722 486 1781 tenet
499 1722 616 1781 terras:
640 1718 685 1782 sic
700 1719 800 1782 currit
814 1720 931 1783 mentis
945 1740 1090 1782 acumen.

250 1801 296 1866 Ut
311 1802 403 1865 uenit
417 1801 457 1864 ad
471 1800 611 1882 fontem,
627 1802 765 1884 lapidem
783 1803 919 1885 proiecit
932 1802 967 1865 in
982 1802 1093 1865 undas.

251 1884 422 1950 Concussit
435 1885 538 1949 uitreo
555 1886 679 1948 sonitus
695 1886 753 1949 sub
768 1887 859 1950 fonte
873 1886 1006 1969 puellas.

250 1969 398 2033 lflxiliunt
412 1972 559 2050 cunctae,
575 1974 735 2052 quaerunt
749 1992 830 2052 quae
845 1992 941 2033 causa
960 1970 1084 2053 quietas
1237 1953 1239 2006 l

201 2068 234 2114 80
252 2052 418 2117 Sollicitet.
447 2052 578 2116 uolucer
592 2051 721 2135 fugiens
739 2075 852 2117 nemus
867 2054 968 2118 intrat
982 2074 1137 2137 opacum,

252 2135 393 2217 Moxque
408 2135 459 2198 dei
473 2135 582 2199 uultus
598 2136 733 2199 uestiuit
747 2138 853 2222 imago
868 2137 996 2220 Naidis,

253 2218 370 2282 Tendit
383 2220 526 2282 membra
540 2241 621 2301 puer
634 2220 751 2305 longos
766 2225 803 2284 ut
817 2225 939 2285 crescat
952 2222 987 2285 in
1004 2225 1093 2285 artus

252 2301 298 2367 Ut
312 2302 415 2385 possit
430 2302 588 2385 complere
604 2302 695 2367 dolos
711 2325 748 2367 ac
762 2305 849 2368 iussa
860 2305 1003 2387 parentis

253 2385 377 2451 Glauco
391 2387 487 2469 pedes
503 2387 633 2450 fluitans
648 2388 747 2452 uestis
761 2387 887 2453 laxatur
901 2388 941 2453 ad
956 2390 1053 2469 imos,

202 2484 234 2533 85
254 2469 399 2535 Candida
413 2468 519 2533 diffusi
533 2469 650 2535 ludunt
663 2493 722 2555 per
735 2472 819 2537 colla
833 2473 942 2556 capilli

252 2554 297 2617 Et
311 2558 409 2617 uento
425 2555 585 2636 crispante
600 2555 702 2639 gradu
717 2578 809 2621 coma
823 2558 957 2620 fluctuat
972 2560 1057 2637 acta,

253 2637 356 2700 Frons
371 2635 492 2700 nudata
506 2637 597 2702 decet
611 2638 715 2704 diuiso
731 2640 856 2724 fulgida
869 2642 972 2721 crine,

253 2720 297 2784 Et
312 2719 402 2784 uelut
415 2720 536 2785 inuitos
551 2742 679 2805 gressus
693 2724 882 2806 pudibunda
895 2724 1047 2788 mouebat

253 2804 408 2868 Incedens
423 2805 573 2888 fluxoque
587 2806 691 2870 latent
706 2809 921 2891 subtegmine
935 2808 1065 2891 pinnae.

204 2902 238 2949 ao
251 2887 467 2972 Misceturque
482 2911 562 2971 puer
577 2889 738 2973 Nymphis
752 2892 812 2955 sub
826 2891 934 2956 fronte
948 2890 1074 2974 puellae

253 2972 297 3036 Et
312 2993 422 3036 causas
440 2974 599 3055 perquirit
613 2977 716 3039 Amor
730 2996 787 3039 our
801 2975 891 3040 fonte
906 2976 1018 3039 relicto

253 3056 368 3120 Terras
383 3061 477 3121 cauta
491 3058 587 3140 petit,
603 3058 709 3122 facilis
724 3060 776 3123 cui
790 3062 886 3123 turba
899 3058 1013 3122 fluenti
1058 3138 1062 3145 ι

258 3228 290 3279 62
319 3227 429 3289 genitus
452 3244 519 3281 corr.
542 3228 639 3279 Bueelr.
724 3231 758 3280 64
779 3230 884 3279 Noscat
908 3232 1070 3293 corruptelae
1093 3235 1168 3278 nota

190 3293 278 3342 versui
302 3298 454 3355 praeposita
541 3297 573 3345 65
600 3293 705 3361 comeo]
732 3297 832 3346 florens
858 3298 899 3345 uel
924 3295 1015 3346 mollis
1041 3298 1168 3345 conicias

190 3360 223 3408 71
241 3357 298 3408 Iret
315 3374 384 3409 corr.
402 3359 498 3411 Bacch.
515 3360 519 3426 Ι
534 3362 564 3410 ui
583 3363 670 3413 uerba
738 3365 954 3413 recreaturus
1022 3365 1056 3412 74
1074 3364 1170 3412 Acci-

191 3426 252 3489 piet
318 3426 351 3475 81
369 3428 421 3475 olio
439 3435 464 3476 et
480 3428 563 3491 proba
580 3446 697 3481 orcarum
714 3430 818 3479 Naidas
835 3431 888 3480 VII
906 3432 939 3481 35
1007 3432 1041 3479 84
1063 3445 1172 3480 corm-

191 3495 277 3555 peelae
299 3501 361 3542 nota
380 3496 540 3558 praeposita.
574 3500 683 3561 spatham
700 3512 751 3547 non
767 3500 881 3548 relictum
950 3498 983 3547 89
1001 3496 1175 3547 Incendens
