2500 3917
192 188 236 254 50
601 189 752 241 060000

255 340 300 403 Et
315 338 453 405 Ueneris
467 339 551 403 celsa
565 342 730 421 spectatur
744 336 784 401 ab
799 337 912 401 arbore
927 341 1056 420 myrtis

257 423 360 498 Quam
375 445 512 507 sponsus
527 423 638 486 defixit
652 443 764 486 ouans.
794 421 936 487 oseurrit
950 420 992 484 ad
1006 421 1115 486 undas

193 521 243 569 620
256 507 391 571 Hecuba
406 528 479 571 aum
494 506 624 571 Priamo
639 506 753 589 populi
768 506 943 570 comitante
957 508 1104 589 caterua,

258 590 446 674 Suscipiunt
460 612 620 674 sponsam,
636 590 691 654 dat
705 589 829 655 cunetis
845 589 955 653 ossula
969 594 1086 673 pastor

134 672 136 678 ’
256 675 309 738 Ad
320 680 444 758 patrem
455 674 620 739 Priamum
632 675 781 758 gradiens
791 678 992 757 matremque
1002 673 1163 758 salutans,

256 759 373 823 Dulcia
389 758 473 823 eolla
486 763 600 823 tenent
614 766 648 822 66
662 759 805 823 uultibus
820 757 930 822 ossula
944 757 1063 841 figunt.

256 841 333 907 Nou
347 843 470 907 inuitus
486 844 575 907 adest
588 864 649 907 060
663 843 782 927 gaudet
795 841 913 907 fortior
927 840 1061 923 Hector,

194 940 243 1011 666
260 925 363 1000 Quem
378 926 505 991 Troilus
520 928 667 1009 sequitur
679 948 740 991 nee
754 926 873 991 liuidus
889 929 1048 990 attamen
1063 946 1165 1011 aeger

256 1009 289 1074 N
291 1032 333 1074 00
348 1011 501 1075 membris
515 1011 571 1074 sad
585 1015 693 1075 mente
707 1010 825 1096 grauis.
846 1010 1018 1094 praesagia
1032 1030 1149 1075 sensus

258 1093 455 1159 Concutiunt
470 1095 658 1177 animosque
672 1096 854 1159 uiri:·mors
869 1115 924 1158 ore
939 1097 1076 1159 cruento

254 1175 345 1242 luter
359 1178 517 1243 Troianos
532 1178 683 1243 discurrit
690 1202 794 1244 saeua
810 1183 948 1261 caterua,

257 1262 331 1325 Heu
347 1266 486 1347 quantos
501 1268 632 1346 raptura
646 1264 734 1329 uiros
748 1268 782 1327 et
795 1264 864 1328 fata
879 1262 995 1327 datura

194 1359 244 1407 660
258 1349 327 1410 Aut
341 1351 479 1431 quantas
494 1346 651 1430 perbelle
664 1370 766 1411 nurus
780 1348 913 1411 uiduare
927 1350 1056 1430 parata.

256 1431 375 1513 Troile,
391 1436 533 1495 sectatur
546 1432 686 1515 uestigia
699 1436 807 1495 uestra
821 1431 953 1495 Polites.

257 1515 309 1577 Sia
324 1516 407 1579 solet
421 1515 535 1579 umbra
550 1536 671 1598 sequax
684 1516 850 1581 hominem
863 1514 995 1579 lamalis
1009 1513 1057 1577 im
1102 1536 1121 1579 0

255 1597 349 1660 Μο66
365 1599 456 1680 sequi
470 1619 529 1662 uec
544 1600 689 1663 membra
701 1609 812 1664 mouet
824 1600 890 1663 nisi
902 1598 1046 1663 mouerit
1063 1599 1069 1610 '
1098 1620 1115 1661 e

259 1679 360 1754 Quem
376 1682 529 1764 sequitur,
546 1682 574 1745 si
589 1686 692 1747 cesset
705 1683 804 1748 homo
819 1684 957 1748 cessabit
970 1682 1093 1768 imago,

192 1774 242 1823 630
260 1762 323 1827 1161
333 1765 552 1913 Ι0006000006
566 1788 716 1849 mouens,
732 1769 760 1831 si
774 1768 893 1833 sederit
906 1768 963 1831 illa
977 1766 1114 1849 sedebit,

103 1862 137 1910 o·
151 1862 186 1912 64]
258 1846 401 1912 Motibus
416 1853 449 1913 66
463 1850 495 1912 fa
509 1850 551 1913 sis
566 1872 660 1915 ueras
674 1852 801 1916 imitata
813 1853 945 1936 figuras,

255 1929 312 1993 Nil
327 1932 449 1997 faciens
465 1934 556 2016 qussi
569 1939 685 1999 cuneta
699 1936 785 2001 fauit.
815 1936 862 1999 sio
877 1956 1007 2019 quoque
1023 1933 1161 1998 Polites.

254 2012 403 2079 Duxerat
416 2038 551 2081 uxorem
565 2023 678 2101 pastor
693 2042 765 2084 eum
780 2024 866 2085 sorta
881 2018 1025 2083 sinistra.

255 2093 324 2157 Iam
340 2119 449 2163 muros
464 2102 528 2164 iam
542 2105 629 2166 tecta
642 2107 767 2186 petimt,
783 2104 848 2167 iam
863 2103 950 2186 regis
964 2102 1006 2165 ad
1022 2101 1136 2165 aulam

190 2185 241 2234 640
254 2175 402 2243 intratur
412 2191 671 2268 sponsamquete
740 2184 1165 2269 tsuaflammeapulehram,

252 2256 322 2323 Iam
336 2262 490 2332 thalamis
505 2272 618 2334 ornata
632 2293 666 2334 ss
688 2277 735 2355 et,
750 2273 885 2336 saltatur
899 2271 935 2334 in
949 2270 1042 2352 urbe,

251 2340 423 2428 Tympana
437 2352 501 2417 iam
515 2355 676 2437 quatiunt,
691 2356 755 2420 iam
770 2356 890 2421 rustica
904 2354 1015 2419 fistula
1030 2374 1166 2417 earmen

249 2420 421 2529 Pastorale
437 2438 534 2501 canit.
560 2438 661 2507 lituus
675 2440 722 2503 nil
738 2440 829 2504 dulae
844 2439 996 2523 remugit,

248 2502 458 2583 Fesoeunma
474 2523 570 2586 silent
584 2528 617 2587 66
631 2524 749 2588 bucina
762 2523 850 2588 bella
862 2523 1016 2604 minatur,

181 2589 233 2639 645
248 2582 283 2648 N
285 2609 321 2651 ec
336 2598 454 2666 molles
467 2608 545 2670 tuba
560 2628 659 2672 rauca
672 2629 770 2672 60006
785 2607 873 2672 dedit
887 2628 960 2671 aare
975 2627 1112 2691 canoro,
1244 2627 1246 2678 ι

247 2664 404 2769 Increpat
419 2705 510 2753 arma
525 2690 619 2755 duces
635 2691 764 2775 clypeos
778 2697 812 2755 66
825 2690 913 2756 mille
927 2691 1067 2773 000066,
1244 2685 1246 2800 l

248 2747 395 2824 Classlca
411 2764 545 2852 Tydidis
561 2776 761 2840 committere
775 2775 861 2840 bella
875 2780 1017 2858 putares,

243 2827 297 2896 Ile
312 2857 411 2919 Pares
427 2859 550 2941 sponsi,
566 2859 631 2923 iam
646 2861 756 2925 omina
769 2864 854 2925 tetra
869 2859 1031 2943 probastis

168 3028 296 3140 &8330
316 3038 420 3100 Esuba
494 3065 544 3115 622
562 3064 599 3114 At
617 3080 686 3115 corr.
703 3065 799 3115 Bacch.
817 3064 899 3117 0066,
918 3061 924 3126 Ι
944 3062 1073 3127 gaudens
1096 3081 1170 3115 com

287 3114 312 3147 ”²
334 3109 376 3164 ''l‘-
453 3128 505 3179 624
523 3148 578 3182 060
596 3133 701 3197 gaudet
718 3132 816 3182 corr.I
822 3132 852 3180 M
920 3132 970 3179 626
990 3145 1044 3179 060
1063 3129 1109 3193 (in
1121 3150 1172 3182 ra·

167 3149 377 3266 {mlllnuitus
398 3188 528 3249 att{ssusa
560 3215 614 3249 000
634 3200 737 3249 inuitus
756 3206 849 3248 tamen
867 3198 919 3248 IM
991 3198 1043 3248 627
1062 3200 1094 3247 in
1112 3201 1172 3248 uiri

165 3271 243 3341 ΙΜΙ
260 3225 312 3331 ,M
385 3244 441 3301 ⁶⁵²8
461 3260 648 3316 Troianas-
668 3264 816 3317 cateruas?
890 3266 941 3314 629
964 3270 1073 3327 quanto
1097 3282 1171 3315 corr.

165 3351 196 3383 m.
209 3342 253 3394 νὴ,
277 3298 384 3414 aptggg
403 3315 433 3364 ὑὶ
453 3340 508 3380 ras,
526 3331 530 3395 Ι
547 3340 599 3397 ata
618 3350 688 3387 eom
706 3332 723 3380 I
727 3332 761 3380 M
809 3334 859 3383 633
878 3330 965 3381 Multa
983 3332 1172 3385 corr.Bueclt.

164 3401 214 3453 641
234 3407 279 3465 hs
298 3372 530 3497 00„⁸J¹,),}xerat
547 3416 616 3452 eurr.
636 3400 691 3448 IM
756 3398 806 3448 640
824 3400 933 3449 latratu
951 3398 974 3446 ri
992 3400 1145 3479 WJM
1243 3431 1245 3434 -

364 3472 397 3531 ᾗ
501 3464 551 3513 642
570 3466 686 3528 Typana
705 3466 840 3516 corr.IM
891 3467 941 3515 648
960 3478 1057 3515 00006
1069 3481 1099 3515 ιη
1110 3483 1172 3518 rus.
1243 3517 1245 3538 Ι
