2500 3917
136 220 177 285 26
467 219 758 274 EPITHALAMIUM

156 384 189 433 30
203 370 401 455 Dispensent
415 370 492 435 hino
507 370 581 435 inde
596 368 698 435 melos
712 369 868 452 perflante
883 368 1012 433 flabello

199 456 244 519 Et
258 456 405 539 quatiant
420 455 528 520 dulces
543 454 657 519 Museo
672 454 800 538 pectine
814 453 959 536 chordas,

199 540 244 605 ut
258 546 346 603 uocis
361 544 489 605 textura
503 542 597 604 sonet
610 540 768 622 neruique
784 539 941 621 loquaces.

202 623 374 707 Bybliades
386 623 508 707 Satyris
519 624 658 708 iungant
665 622 890 706 Nymphisque
897 620 1121 705 Hymenaeon

200 708 245 771 Et
258 707 402 791 Dryades
417 708 537 792 passim
552 712 669 774 coeant
682 729 740 790 per
754 711 847 789 prata
860 706 1012 789 Napaeis‚

152 806 185 854 35
202 791 341 857 Oreades
356 790 476 857 Faunis
490 793 629 877 iungant
643 796 676 855 et
689 790 811 856 Naidas
826 812 936 855 amnes

201 876 246 940 Et
261 876 396 941 Bacchis
412 877 558 960 oopletur
572 878 676 939 Amor
689 897 748 958 per
764 879 868 939 castra
881 874 1017 957 Dionae,

203 960 305 1025 Saltet
320 966 352 1025 et
367 961 546 1044 imparibus
562 960 693 1025 calamis
707 960 778 1025 Pan
793 959 943 1044 corniger
955 959 1107 1042 intrans,

201 1044 319 1109 Ebrius
334 1046 458 1109 interea
471 1048 565 1109 nutet
579 1043 707 1109 Silenus
722 1044 832 1126 asello,

205 1128 322 1193 Oscula
336 1132 509 1194 nectantur
523 1129 653 1194 calamis
668 1129 792 1194 imbuta
805 1128 923 1193 rosatis

153 1226 186 1275 40
200 1212 245 1277 Et
258 1234 359 1277 neruo
376 1217 525 1277 cantante
541 1218 636 1277 sonet
649 1235 735 1277 noua
749 1234 914 1292 murmura
928 1211 1052 1295 lingua,

202 1296 363 1362 Morsibus
379 1298 511 1363 alternis
527 1320 681 1381 suspenso
698 1295 792 1361 dente
807 1297 968 1379 fruantur,

204 1381 316 1446 Gratia
330 1386 503 1447 uernantes
519 1382 668 1447 adnectat
681 1382 818 1479 pulchra
832 1381 970 1463 dolores,

203 1465 299 1531 Casta
312 1466 473 1533 Pudicitia
487 1467 598 1532 stricto
613 1467 773 1550 plaertura
786 1465 917 1529 marito

202 1550 353 1615 Floribus
368 1573 406 1614 ex
421 1551 521 1615 uariis
535 1555 623 1615 texat
638 1573 696 1634 per
709 1554 802 1635 prata
817 1570 952 1614 coronas

153 1647 188 1695 45
202 1633 286 1697 Lilia
300 1634 402 1698 mixta
416 1636 497 1698 rosis
513 1635 639 1699 socians
653 1636 820 1718 uiolasque
835 1632 1029 1717 hyacinthis,

203 1717 253 1781 Pu
293 1721 365 1782 uret
379 1722 412 1783 et
426 1720 529 1782 niteat
542 1739 688 1803 gemmae
703 1720 845 1802 pallente
860 1718 977 1781 rubore

204 1739 403 1897 Sarbloasque
419 1801 624 1887 iuget‘poolis
640 1803 846 1868 Sitifensibus
862 1802 978 1866 herbis.

205 1884 258 1950 S1c
271 1908 352 1969 puer
366 1885 486 1951 Idalius
501 1888 672 1970 permiscet
686 1888 783 1952 mella
797 1887 940 1967 uenenis

204 1969 257 2035 Sic
271 1992 345 2035 rosa
359 1972 511 2036 miscetur
526 1972 638 2056 spinis,
653 1971 811 2038 medicina
822 1970 953 2035 comatis

154 2066 188 2115 50
205 2054 375 2119 Perficitur
389 2056 591 2139 stimulisque
606 2056 699 2121 fauos
714 2058 785 2140 apis
800 2055 885 2120 alma
899 2056 1025 2118 tuetur:

204 2136 257 2201 Sic
271 2139 326 2220 pia
341 2139 512 2235 uirginitas
527 2162 595 2204 non
609 2140 737 2205 tollitur
751 2143 827 2204 ante
849 2137 982 2223 pudoris

205 2220 378 2305 Unguibus
393 2223 529 2287 rofensis
545 2246 641 2307 quam
656 2224 807 2289 uulnerat
822 2246 879 2288 ora
892 2221 1011 2308 mariti,

55 2321 85 2373 [u.
97 2320 130 2372 28]
204 2303 249 2368 Et
262 2306 352 2388 prior
366 2311 441 2371 ante
456 2308 506 2371 sui
521 2307 641 2373 uindex
655 2313 704 2373 est
717 2309 788 2392 ipsa
801 2307 933 2391 cruoris,

205 2387 252 2453 Ut
267 2390 370 2455 discat
383 2413 488 2457 sacras
503 2391 642 2458 fecundo
659 2393 793 2457 uulnere
807 2392 962 2455 flammas.

155 2482 188 2531 55
208 2471 261 2537 Sic
275 2474 358 2539 fiunt
373 2476 480 2541 dulces
495 2478 591 2543 modo
606 2479 747 2562 pignora
760 2476 879 2541 blanda
892 2478 1055 2559 parenteS,

204 2555 250 2619 Et
266 2578 367 2641 genus
382 2559 561 2626 humanum
572 2563 618 2627 sic
634 2566 699 2627 stat
713 2562 773 2625 sub
788 2560 818 2625 le
842 2583 859 2624 e
873 2559 1020 2644 perenni.

205 2637 269 2702 Tot
284 2640 370 2705 bona
379 2646 575 2726 proueniant
586 2647 714 2731 sponsis
721 2649 801 2729 quot
813 2582 924 2709 <lema
933 2644 1119 2727 parentum

167 2955 174 2967 ο
208 2894 242 2969 :⁹²⁰
260 2910 323 2945 caue
346 2898 444 2948 scribae
462 2898 573 2951 labello.
599 2904 658 2954 uide
680 2904 786 2952 iadicem
856 2901 887 2950 31
908 2898 1007 2947 cordas
1078 2900 1120 2949 33

141 2952 286 3011 B1bl1ades
346 2967 379 3015 34
397 2966 527 3017 cohibent
588 2971 620 3019 35
644 2985 737 3020 omnes
756 2985 825 3018 corr.
843 2966 941 3016 Bacch.
1011 2966 1046 3015 36
1066 2980 1120 3015 co·

141 3021 253 3080 Puletur
281 3030 315 3090 cf.
340 3034 365 3082 d.
389 3036 438 3084 deo
469 3037 479 3083 Ι
504 3037 554 3085 407
578 3053 633 3087 cum
659 3038 768 3086 Areuuli
795 3043 856 3086 noto
924 3033 957 3083 38
988 3034 1120 3092 interea]

142 3087 224 3163 latere
246 3098 348 3170 uidetur
369 3104 419 3152 Ioci
439 3105 591 3166 eiquificutio
613 3122 664 3170 quo
686 3108 761 3166 nefas
787 3110 826 3153 est
847 3102 955 3165 prodire
982 3098 1064 3149 εὖῆῖθ
1085 3106 1123 3149 ef

142 3153 237 3231 welhe:
267 3168 376 3215 mteroa
399 3180 437 3218 est
459 3173 526 3220 inter
549 3188 593 3221 eos
617 3172 737 3235 (Bacch.)
823 3172 856 3219 40
880 3161 1018 3230 candente
1042 3170 1125 3232 quod

142 3228 236 3276 ΜΡΝ
253 3222 350 3280 Buecu.
372 3244 507 3298 proposuit
575 3240 745 3297 rosecium]
765 3254 784 3287 n
805 3239 882 3287 litera
904 3240 1048 3287 atraraento
1067 3233 1123 3283 ob·

143 3280 220 3329 dueta
242 3296 281 3336 eat
301 3290 305 3353 Ι
325 3294 462 3361 hiacyntis
529 3308 561 3355 47
581 3308 661 3357 iubet
677 3305 798 3370 posculis
817 3305 865 3355 orti
885 3302 1012 3354 sensibus
1028 3316 1124 3365 supra

144 3343 189 3391 ⁰111
216 3355 242 3395 et
269 3354 331 3407 fens
353 3365 443 3415 literae
469 3378 494 3419 et
520 3381 579 3423 onte
606 3389 705 3423 aermon
726 3375 889 3436 corruptelae
910 3377 987 3421 notae
1007 3370 1124 3432 positae

142 3417 201 3459 sunt
249 3421 302 3492 ,48
324 3424 400 3480 bella
418 3449 485 3491 corr,
503 3437 598 3491 Bucco.
667 3442 701 3491 49
719 3441 837 3489 cerastis
855 3454 923 3492 corr.
943 3453 979 3486 erc
996 3434 1124 3499 ceratijs

177 3478 210 3525 54
228 3480 327 3547 ‘hsffill
347 3494 430 3547 ducat
448 3500 543 3554 Bueell.
560 3510 697 3572 proposuit
