2500 3917
211 218 253 285 84
574 217 814 270 01110110110

274 369 307 434 N
308 390 423 452 amque
438 368 645 434 inimieorum
660 368 762 451 culpis
777 368 903 432 ueniule
918 368 1064 452 minaris,

317 453 535 537 Captiuosque
549 456 624 516 tuos
640 451 762 515 deliciis
778 452 898 535 epulas.

275 537 395 602 Puniat
409 541 446 600 ut
459 537 501 600 sit
516 537 602 620 quod
618 535 774 619 Christus,
788 543 825 600 tu
863 537 944 601 areis
959 536 1092 621 iniquis,

279 604 290 625 ⁸
315 620 453 687 Uindice
468 642 532 703 quo
548 642 664 705 regnas
668 670 677 702 ,
693 642 758 704 quo
773 559 930 705 uigiiunte
945 621 1048 705 uiges.

210 717 260 769 125
276 706 339 781 Qui
353 708 490 789 pereunt
504 705 589 770 bello
604 704 666 769 soli
680 706 864 769 moriuntur
878 708 916 769 ut
929 706 1047 783 hostes,

316 789 379 866 Qui
394 794 540 872 superest
553 809 681 873 pugnae
695 789 787 853 uiuat
801 794 838 853 ut
851 790 921 873 ipse
935 789 1035 854 iubes.

274 874 320 939 Ca
342 874 429 939 tiuus
443 895 572 937 securus
587 874 665 957 egit,
681 873 830 957 solusque
845 873 972 938 rebellis

317 897 484 1022 tormidet
496 961 645 1038 mortem,
661 958 780 1040 praeda
795 959 905 1041 quieta
919 958 1015 1022 sedet.

275 1042 453 1107 Conseruas
468 1042 602 1124 animas,
617 1042 741 1105 uictum
755 1064 851 1125 super
865 1043 934 1125 ipse
948 1043 1117 1107 ministras

214 1140 263 1188 130
319 1126 370 1190 Ne
383 1126 425 1189 sit
439 1126 508 1189 uita
522 1126 631 1209 grauis
646 1126 843 1209 subripiente
856 1127 952 1190 fame.

272 1209 377 1274 Nemo
394 1209 485 1273 cadet
500 1212 559 1274 sub
573 1209 643 1273 iure
658 1213 715 1274 tuo
731 1212 790 1274 sub
806 1215 909 1274 morte
924 1214 1066 1293 cruenta,

318 1293 387 1359 Seit
401 1315 434 1357 se
450 1294 611 1358 uicturum
627 1293 683 1377 qui
698 1295 788 1359 uolet
802 1316 870 1359 esse
883 1298 968 1358 tuus.

275 1378 384 1443 Turba
396 1378 610 1443 rebellantum
625 1379 774 1462 quotiens
790 1380 896 1444 orauit
909 1379 944 1443 in
959 1378 1059 1443 armis

318 1462 473 1527 Uineeret
487 1466 543 1527 aut
557 1466 641 1527 uerte
657 1464 775 1546 praeda
789 1463 904 1527 fuisset
917 1464 1012 1527 iners.

212 1559 263 1609 100
279 1546 415 1611 Securus
431 1547 500 1611 sine
514 1552 618 1612 morte
632 1569 746 1611 manus
761 1548 816 1611 dat
829 1548 975 1613 hostibus
990 1546 1107 1630 hostis,

315 1631 401 1696 Nam
414 1631 497 1694 bene
512 1652 684 1695 conserues
699 1632 782 1695 eolla
797 1632 929 1697 subacta
947 1632 1034 1715 iugo.

275 1714 328 1778 Sic
342 1715 393 1778 leo
409 1714 551 1777 terribile
566 1715 676 1780 fremit
689 1714 838 1781 horridus
854 1738 908 1781 ore
923 1718 1058 1780 eruente

317 1798 490 1882 Unguibus
506 1800 645 1863 excussis
661 1802 755 1865 dente
769 1800 913 1865 minante
927 1821 1033 1883 neces,

275 1884 391 1947 Acrius
406 1883 507 1947 iratus
522 1883 661 1967 crispato
677 1885 798 1949 lumine
813 1885 900 1969 ferri,

213 1980 263 2030 140
319 1968 364 2032 Et
377 1990 468 2031 mora
483 1968 510 2031 si
524 1969 624 2033 fuerit
638 1970 742 2033 acrius
756 1969 831 2033 inde
846 1969 936 2052 furit,

275 2054 321 2115 At
335 2053 363 2114 si
377 2056 513 2115 uenator
526 2052 692 2135 trepidans
708 2054 985 2136 uenabulaponat

317 2135 461 2198 Territus
476 2139 508 2198 et
522 2136 634 2219 iaceat,
649 2160 725 2202 mox
739 2139 824 2221 perit
837 2138 886 2201 ira
900 2138 1025 2202 uadens.

275 2217 405 2281 Temnit
418 2218 537 2301 praedo
552 2221 642 2284 eibos
657 2243 737 2305 quos
752 2243 820 2286 non
834 2222 915 2286 facit
928 2223 996 2306 ipse
1012 2220 1168 2306 cadauer,

252 2306 256 2313 '
320 2304 369 2367 Ae
383 2302 472 2366 ferus
486 2304 627 2388 ignoscit
642 2327 699 2369 eeu
715 2307 790 2370 satis
805 2306 952 2389 accipiat,

215 2397 263 2446 140
279 2385 323 2451 Ε1
332 2388 393 2451 'dat
406 2391 567 2471 prostrato
582 2390 711 2453 ueniam
727 2390 795 2455 sine
811 2391 944 2454 uulnere
959 2390 1046 2455 uicto

322 2472 385 2536 Ore
400 2473 581 2538 uerecundo
598 2473 736 2539 deiciens
752 2473 872 2539 oeulos.

280 2554 335 2619 Sic
348 2561 414 2640 1110,
430 2562 591 2641 regnator,
607 2579 675 2623 non
690 2559 790 2641 impia
804 2560 966 2643 frangitur
979 2557 1028 2621 ira

323 2639 405 2704 Cum
421 2642 585 2706 confessus
600 2643 663 2706 erit
676 2644 811 2707 erimina
825 2649 917 2727 gesta
930 2663 1012 2712 reus.

279 2719 481 2806 Ignoseendo
496 2727 569 2809 pius
583 2728 677 2791 nobis
693 2727 820 2792 imitare
835 2727 1015 2792 Tonantem

216 2810 267 2862 150
326 2805 389 2883 Qui
403 2808 551 2893 indulget
565 2812 676 2893 culpas
691 2816 723 2876 et
737 2812 865 2876 ueniam
881 2811 1004 2876 tribuit.

269 2889 442 2977 ‘Principis
456 2895 585 2981 augusti
600 2896 704 2961 simile
720 2900 769 2961 est
783 2896 823 2960 ad
837 2916 938 2981 regna
951 2894 1103 2979 polorum

280 3079 330 3131 123
347 3080 414 3161 1111ι
450 3086 497 3134 126
516 3085 545 3133 in
563 3084 658 3133 hostes
671 3086 876 3135 euraAreualue
928 3086 976 3133 128
995 3082 1081 3147 preda
1140 3085 1196 3133 133

206 3145 797 3219 1010111100,30010000011111001111
848 3169 895 3217 141
920 3168 959 3217 Ae
982 3172 1011 3216 01
1035 3167 1198 3231 111101ροὶ011

204 3220 235 3322 ἶῑ
254 3224 387 3283 Areuatus
463 3238 513 3286 143
536 3237 622 3300 predo
644 3237 709 3285 idem
731 3251 821 3285 001000
847 3238 979 3298 reperitur
1000 3234 1063 3283 VIIl
1084 3235 1140 3283 360

223 3281 260 3329 46
283 3299 372 3348 martes
393 3303 526 3354 1010101111
547 3306 597 3353 0101·
618 3305 690 3354 elisio
715 3302 828 3353 obstaret
850 3302 993 3352 Dracontto
1016 3318 1067 3350 nun
1090 3304 1196 3351 usitato

263 3353 315 3431 119
334 3379 389 3416 non
406 3372 450 3420 uis
468 3370 547 3421 nobis
565 3387 601 3421 ea
622 3372 785 3434 interpolatis
806 3372 918 3421 restituit
936 3372 1066 3419 Areuatzn·
1145 3373 1196 3419 150

202 3411 303 3479 culpm
325 3430 475 3505 interpolati
495 3444 522 3486 et
543 3440 672 3488 Armatus
747 3439 794 3487 151
817 3438 956 3502 Principis
977 3438 1127 3501 imperium
1156 3441 1194 3485 in·

215 3488 335 3543 “notan
358 3507 383 3547 et
402 3501 529 3552 Areuatus
552 3501 557 3568 Ι
584 3520 618 3555 00
641 3506 748 3570 scripsit
764 3506 900 3555 Areuutur.
926 3507 979 3581 sed
1001 3504 1037 3551 ud
1060 3505 1143 3555 etiam
1170 3508 1196 3553 in
