2500 3917
473 223 693 275 vnraea-aco
1024 222 1067 287 39

163 373 262 437 Iussit
278 373 318 436 ab
333 372 433 436 Iliaco
449 371 589 436 delectos
603 392 738 457 pergere
752 393 854 456 regno
1075 392 1106 440 [r.
1120 392 1156 442 se]

164 457 217 521 Ad
231 461 289 520 tua
304 476 419 541 regna,
435 458 551 538 potens
566 477 754 541 germanam
768 457 852 541 regis
867 460 904 521 ut
918 457 1013 521 heros

165 541 333 605 Bellorum
349 562 444 623 quarn
460 541 529 605 iure
543 544 636 611 tenes
649 541 684 605 in
698 562 777 624 pace
792 540 960 605 refundas:

103 640 153 689 270
162 625 311 690 Posceris
325 624 502 689 Hesionen.
535 624 618 689 iacet
632 625 667 689 in
692 646 748 689 ens
763 624 861 689 Troia
875 625 998 689 fauillis

163 708 293 776 Excidii
308 730 491 791 compressa
506 709 570 791 sui,
586 730 646 773 nec
660 646 819 793 Pergama
833 709 946 773 ductor

165 793 348 859 Surrexisse
362 796 457 877 putat
470 793 534 857 nisi
549 793 613 856 iam
621 843 630 875 ,
651 815 707 856 rex
722 814 854 877 magne,
870 815 1013 858 sororem

165 877 354 942 Reddideris
369 878 439 961 regi
454 898 536 960 quae
551 898 638 941 nunc
653 878 782 960 captiua
796 881 933 942 tenetur.

165 962 274 1045 Turpe
290 962 378 1026 ducis
394 962 515 1026 seruire
530 983 633 1045 genus
648 962 832 1044 crimenque
846 965 979 1044 putatur

103 1061 152 1110 205
165 1046 201 1112 Si
215 1069 285 1111 non
299 1045 385 1110 bella
400 1046 523 1109 dabunt
536 1046 606 1129 regi
622 1044 708 1128 quod
722 1046 807 1109 bella
821 1046 967 1111 tulerunt

165 1131 201 1195 Si
216 1153 280 1215 pax
294 1130 357 1195 hoc
373 1133 484 1213 optata
498 1134 604 1215 negat.
637 1151 695 1213 pro
710 1150 785 1214 rege
800 1130 940 1213 rogaris:

165 1215 210 1279 Te
226 1215 381 1298 repetisse
396 1219 475 1296 puta
489 1213 619 1278 Priamo
637 1214 796 1278 retinente
811 1235 968 1298 sororem,

164 1300 198 1365 N
200 1322 244 1364 on
259 1298 352 1364 dolor
366 1302 506 1363 armaret
520 1298 547 1361 si
562 1320 631 1362 non
646 1299 735 1361 daret
749 1297 804 1360 ille
819 1302 951 1381 rogatus

166 1383 261 1459 Quod
271 1387 407 1466 peteres,
419 1382 597 1447 Telamon?
613 1383 716 1445 scelus
726 1386 775 1445 est
786 1385 819 1445 et
829 1381 917 1445 fama
926 1382 1067 1466 pudoris,

102 1481 152 1530 280
162 1466 318 1533 Nascitur
331 1467 456 1531 inuidia
471 1467 600 1531 Priamo
615 1469 773 1551 regnante
787 1487 931 1530 sororem

166 1551 362 1636 Graiugenis
377 1551 497 1615 seruire
513 1573 618 1633 suam,
634 1550 719 1614 liuor
733 1550 837 1614 malus
851 1549 926 1613 inde

166 1636 333 1703 Creditur:
358 1636 488 1699 ‘Iliacas
504 1636 611 1717 potuit
625 1656 773 1718 reparare
788 1634 915 1697 ruinas'

166 1722 315 1785 Murmur
320 1721 383 1784 erit
388 1719 580 1803 Phrygibus,
593 1723 785 1783 ‘consortem
794 1718 961 1802 sanguinis
971 1740 1069 1783 unam

165 1804 244 1871 Non
259 1806 380 1869 ualuit'
398 1804 506 1867 dicent
521 1806 644 1867 ‘rector
658 1802 697 1866 de
712 1823 788 1886 rege
803 1803 947 1866 mereri'.

102 1903 152 1952 285
166 1890 313 1955 Dixerat.
344 1892 378 1953 at
392 1887 548 1952 Telamon
562 1891 687 1951 mentes
701 1886 846 1950 armabat
860 1887 896 1949 in
910 1886 988 1968 iras,

165 1974 252 2039 Nam
268 1974 372 2057 pietas
387 1972 519 2037 affectus
534 1993 624 2036 amor
640 1970 810 2035 concordia
824 1970 931 2053 proles

167 2058 360 2123 Accendant
373 2062 481 2121 motus
495 2056 531 2119 in
546 2060 675 2139 pectore
690 2054 776 2118 fellis
791 2054 901 2118 amari.

168 2143 353 2209 Conubium
368 2141 477 2225 regni,
492 2140 627 2204 thalami
643 2139 804 2203 consortia
819 2138 899 2202 casti

167 2227 321 2292 Scindere
336 2226 527 2309 poscebant,
544 2226 576 2287 et
590 2222 677 2307 quod
691 2245 781 2287 mens
795 2222 887 2287 nulla
900 2222 1041 2305 tulisset,

101 2325 153 2373 290
166 2310 280 2375 Aiacis*
292 2310 374 2373 haec
388 2313 491 2373 mater
506 2311 582 2371 erat.
613 2308 658 2371 sie
673 2307 788 2390 incipit
803 2327 858 2369 ore
992 2368 995 2375 .

166 2395 330 2459 Turbidus
345 2392 500 2458 Aeacides
518 2393 603 2456 iusta
617 2412 787 2455 succensus
802 2390 915 2452 inira:
1078 2420 1157 2468 Μ]

168 2478 223 2545 ‘si
237 2478 343 2563 pudor
357 2477 464 2542 Iliacis
480 2480 536 2541 aut
549 2476 712 2539 mentibus
727 2477 810 2537 essct
823 2473 991 2554 honestas,

166 2563 339 2628 Excidium
355 2561 470 2626 Troiae
486 2561 513 2624 si
527 2564 659 2644 pectora
673 2559 758 2623 uicta
772 2557 931 2638 dolerent,

168 2647 349 2712 Herculeos
364 2646 497 2711 comites
512 2644 632 2709 Priami
671 2665 727 2707 ens
741 2641 860 2725 praeda
873 2640 1046 2724 Pelasgum

100 2746 153 2795 295
167 2731 247 2796 Non
261 2732 365 2817 magis
381 2730 536 2795 auderent
549 2730 585 2793 in
599 2665 684 2792 beffa
697 2728 851 2792 lacessere
867 2724 982 2790 Graios

171 2815 358 2881 Semideum
372 2818 445 2898 post
458 2814 545 2879 bella
559 2812 692 2895 ducum,
708 2812 824 2895 quibus
838 2810 916 2874 Ilios
930 2810 1046 2894 ingens

168 2900 269 2965 Uicta
282 2901 374 2964 iacet.
405 2898 567 2982 placuitne
580 2897 720 2981 Phrygis
735 2895 875 2980 periuria
889 2894 995 2977 gentis

169 2983 304 3049 Soluere
320 3006 379 3049 uos
394 2984 511 3047 iterum
517 3032 526 3066 ,
542 2982 569 3045 si
584 2980 704 3044 dudum
719 3002 820 3063 parua
834 2977 940 3041 luistis

169 3068 359 3152 Supplicia?
381 3067 511 3132 Priamo
527 3065 626 3130 Troes
641 3086 714 3152 mea
728 3063 813 3128 diota
826 3061 959 3125 refertar

173 3242 225 3290 270
247 3240 379 3291 Posteris.
415 3238 495 3300 Quod
518 3244 596 3301 potes
619 3236 637 3285 Ι
642 3236 673 3285 Μ
687 3232 691 3298 Ι
707 3234 859 3285 Hesionem
927 3234 977 3282 272
1000 3229 1027 3281 ie
1049 3234 1076 3282 ia

100 3323 201 3357 rasura
271 3310 322 3358 276
340 3322 390 3371 por
407 3320 472 3369 rege
490 3322 558 3356 corr.
578 3305 594 3354 1
601 3305 632 3353 M
693 3304 743 3353 278
761 3300 804 3351 illi
821 3316 890 3351 corr.
909 3300 927 3349 I
932 3300 965 3349 M
1025 3302 1075 3351 279

102 3376 209 3441 peteris
280 3375 332 3424 284
350 3375 446 3425 meieri
504 3374 553 3423 287
572 3369 717 3421 Accedunt
734 3386 803 3421 corr.
822 3366 840 3417 Ι
845 3368 878 3418 Μ
935 3368 986 3418 298
1003 3365 1075 3417 0022-

103 3442 220 3492 nnbium
314 3437 678 3505 salomoniacarum
760 3439 809 3487 291
828 3435 938 3485 eacides
1024 3435 1074 3483 293

102 3509 181 3561 iacta
201 3510 332 3560 dolorent
349 3525 418 3560 corr.
436 3508 453 3557 I
459 3508 490 3558 M
