2500 3917
205 251 248 315 43
613 248 766 297 555555

264 400 412 483 15555510
428 398 582 480 compelle
598 400 671 479 tuo,
688 418 897 479 properemus
912 395 953 459 ad
966 417 1092 479 aequor

207 499 257 546 555
268 485 313 549 Et
327 489 421 548 uacet
434 483 554 547 auersis
569 503 765 546 concurrens
778 482 874 544 turba
887 481 1069 544 ministris.’
1119 510 1125 517 ·

270 569 314 633 Et
328 569 373 633 515
388 568 456 631 fata
469 567 582 631 uolens
597 567 723 649 rapitur
737 587 795 648 per
810 564 894 629 50115
908 565 1058 647 tyranni,

270 654 340 717 lam
354 652 475 717 Priami
490 673 562 715 cum
577 650 668 715 clade
682 672 797 713 nurus:
820 649 866 712 sic
881 653 972 733 terga
987 649 1121 713 iuuenci

270 737 436 820 Europam
450 756 584 818 rapuere
600 735 650 798 dei
666 756 739 797 eum
753 734 902 816 Iuppiter
914 734 982 815 ipse

271 821 395 885 Taurus
411 819 598 902 Olympiaca
612 818 766 901 produxit
779 839 902 881 cornua
916 817 1038 899 fronte,

209 917 260 967 550
271 905 459 969 Fulmineus
474 908 585 967 uector
599 903 743 967 sobolem
758 902 990 965 famulantibus
1005 900 1103 965 undis

273 988 399 1066 Gaudet
415 989 611 1070 Agenoriam
626 986 776 1050 caelestia
791 986 875 1049 oolla
888 990 1081 1070 grauantem

274 1072 355 1137 Cum
371 1071 483 1137 Cadmi
498 1076 656 1156 cognatus
670 1093 770 1153 aquas
784 1071 869 1133 freta
883 1090 1003 1154 magna
1016 1074 1155 1134 5555555.

271 1157 360 1240 Ergo
377 1156 432 1219 ubi
447 1156 596 1238 peruenit
610 1160 722 1237 raptor
735 1155 883 1218 turbatus
897 1154 939 1219 ad
953 1175 1077 1236 aequor

272 1241 317 1306 Et
331 1241 406 1304 licet
421 1239 594 1303 exhaustus
609 1262 704 1303 55555
719 1239 772 1302 551
788 1238 930 1321 pondere
946 1238 1064 1320 lassus,

210 1338 260 1386 505
272 1324 334 1401 Qui
349 1328 478 1410 gratum
493 1325 643 1407 portabat
658 1345 755 1404 onus,
775 1327 884 1387 tamen
910 1323 980 1405 1555
996 1322 1181 1387 Lacaenam

123 1441 155 1490 [p.
162 1439 196 1487 61]
274 1410 384 1474 Litore
400 1431 467 1472 non
483 1410 591 1491 posuit
605 1408 710 1471 media
724 1407 780 1471 sed
793 1429 902 1490 puppe
917 1407 1053 1489 locauit,

274 1494 400 1558 Nautae
415 1493 487 1556 uela
501 1494 611 1557 leuant
626 1496 659 1555 et
672 1492 768 1555 remis
783 1496 888 1555 eastra
902 1494 1088 1555 mouentur.

274 1578 464 1641 Adueniant
478 1577 611 1641 collecta
626 1598 740 1640 manus
757 1578 823 1640 iarn
838 1576 937 1639 015555
952 1580 1080 1640 remota

274 1661 319 1725 Et
333 1662 483 1743 quatiunt
497 1682 608 1724 omnes
625 1660 740 1743 palmis
754 1661 790 1724 in
804 1660 899 1723 litore
913 1659 1054 1740 frontes,

210 1743 366 1808 57011555
382 1744 489 1828 galeas
504 1745 670 1807 55555515
685 1744 781 1808 simul
796 1744 989 1828 clypeosque
1003 1748 1162 1809 tonantes
1236 1757 1238 1820 j

274 1829 452 1893 Proiciunt.
481 1830 571 1892 uenit
585 1829 654 1911 1555
669 1829 784 1893 551555
799 1850 857 1912 555
871 1851 947 1892 rura
960 1829 1100 1893 maritus
1236 1865 1238 1918 Ι

276 1912 412 1978 Sudanti
426 1918 596 1996 peruectus
611 1934 710 1995 equo,
725 1934 821 1996 quem
836 1916 970 1976 nuntius
985 1913 1128 1978 horrens

274 1998 429 2081 Fregerat
443 1997 483 2061 ad
500 1996 642 2080 Cyprum
658 1998 841 2061 uenientem
856 2019 947 2061 sacra
959 1997 1079 2061 dicare.

274 2081 321 2145 Ut
335 2083 502 2163 conspexit
516 2104 626 2145 amens
635 2081 758 2145 sulcari
772 2082 934 2164 puppibus
949 2081 1053 2145 undas

211 2178 261 2226 575
273 2165 318 2228 Et
332 2165 491 2228 thalamos
507 2172 631 2248 gestare
646 2187 736 2248 suos,
753 2166 882 2229 collisus
897 2166 1002 2230 arenis

274 2249 416 2333 lngemit
429 2252 462 2311 55
475 2248 578 2312 115505
593 2255 763 2332 extorquet
777 2250 897 2314 uertice
913 2251 1027 2313 crines.

273 2333 442 2417 Hyrcanae
458 2334 503 2396 sic
518 2355 611 2416 saepe
627 2334 735 2397 solent
748 2356 806 2415 per
821 2334 914 2398 deuia
928 2336 1029 2419 tigres

273 2419 402 2482 Affectu
417 2418 603 2481 stimulante
618 2420 705 2501 rapi,
721 2440 793 2481 oum
807 2420 947 2502 pignora
961 2423 1067 2483 mater

275 2502 385 2566 Perdit
399 2507 432 2566 et
446 2503 534 2566 elusa
547 2502 659 2566 feritas
673 2504 792 2585 pietate
807 2504 939 2566 nocenti

211 2599 261 2647 580
271 2585 427 2668 115555515
443 2594 582 2650 sectatur
597 2589 675 2669 1555,
698 2587 836 2670 uestigia
850 2588 963 2651 sollers

274 2670 460 2751 insequitur
474 2671 645 2753 praedonis
660 2672 735 2754 equi
750 2672 882 2735 sessoris
898 2671 1020 2753 anheli,

274 2756 336 2817 Ast
352 2753 407 2816 ubi
422 2759 517 2817 torua
531 2778 647 2838 parens
662 2760 824 2819 5555555555
840 2756 973 2819 flumine
988 2759 1087 2819 natos

276 2837 405 2903 8505551
421 2840 589 2921 conspexit
602 2841 709 2923 aquis,
725 2839 809 2904 redit
820 2841 898 2903 orba
913 2840 1024 2904 dolore

281 3062 331 3111 554
350 3077 525 3126 properamus
544 3078 612 3110 corr.
632 3062 688 3110 IM
740 3065 790 3113 555
811 3064 844 3110 Et
862 3068 963 3110 555555
981 3061 1066 3109 155515
1084 3059 1199 3113 Bacch.

213 3145 242 3175 m.
262 3130 300 3177 rd.
320 3133 601 3193 5505555155555555
625 3132 730 3177 auersis
799 3131 848 3178 556
867 3129 973 3190 tyrreni
1049 3130 1199 3194 561855-

214 3206 323 3243 5551555
344 3211 461 3256 grauate
476 3196 493 3244 I
498 3198 527 3245 M
587 3200 637 3247 563
654 3201 786 3260 555555ιί5
801 3215 869 3244 corr.
884 3196 937 3244 IM
950 3196 954 3259 Ι
971 3197 1099 3245 turbatur
1112 3216 1190 3247 corr

214 3261 230 3310 I
239 3263 266 3309 M
327 3266 376 3312 570
395 3270 516 3311 torrenta
536 3270 666 3313 sonantes
684 3264 701 3312 I
709 3265 736 3311 ,11
805 3266 851 3313 571
877 3262 1000 3312 l'uoicrdt
1025 3274 1094 3313 tnnc
1112 3282 1199 3315 corr.

216 3329 268 3378 lM
340 3334 388 3379 52
414 3344 559 3393 prouectus¹
586 3332 785 3381 1155555555
869 3334 1058 3381 5715555555
1136 3336 1201 3384 575
1234 3381 1235 3384 ,

214 3397 325 3445 harenis
400 3400 448 3447 577
473 3400 586 3463 liuvane
605 3418 675 3449 corr.
695 3399 749 3448 IM
760 3408 765 3454 ι
781 3407 876 3462 tygres
949 3400 999 3448 578
1018 3398 1201 3449 stimulante

213 3480 243 3513 co
260 3483 282 3515 r,
302 3483 336 3511 ar·
356 3464 508 3512 stimulanti
566 3470 610 3515 581
635 3469 736 3516 sessori
754 3484 821 3513 corr.
843 3468 860 3515 I
866 3467 896 3515 M
953 3468 1002 3516 582
1023 3476 1203 3517 transactos

213 3531 313 3578 lumine
397 3535 445 3580 583
469 3535 528 3593 quis
551 3536 631 3592 55515
649 3535 699 3582 IM
719 3539 803 3595 inepte
