2500 3917
199 250 239 317 68
617 251 746 301 uanus

263 400 352 476 Quae
367 401 451 465 sicco
466 421 621 463 mucrone
637 398 756 464 cadet'
786 419 943 462 conuersa
957 398 1111 463 sacerdos

261 484 315 548 Ad
329 485 493 549 iuuenem:
518 483 586 547 ‘dic
601 488 702 546 nauta
716 482 830 567 fugax,
845 482 951 565 pirata
965 482 1128 546 nefande:

262 569 322 633 Est
337 590 468 633 consors
482 571 631 631 matrona
645 566 760 631 decens
776 588 818 629 an
833 566 954 630 caelibe
968 566 1038 629 uita

199 666 251 714 250
263 652 313 716 De
339 654 364 715 's
375 652 479 716 adhuc
491 652 680 734 nullumque
692 650 780 715 domi
794 652 851 713 libi
861 650 979 733 pignus
991 650 1178 714 habetur?'

262 735 322 800 ‘So
336 745 391 800 us'
408 736 454 800 ait
469 736 616 818 captiuus
633 742 729 819 ‘eg0,
744 733 826 797 mihi
840 734 978 818 pignora
993 734 1088 798 nulla

263 820 419 905 Coniugis
434 824 490 884 aut
505 819 652 883 sobolis.’
684 818 777 882 dietis
790 818 903 901 ganisa
921 818 1035 902 uirago

262 903 388 968 Blanda
402 903 516 967 refert:
539 903 600 966 ‘uis
615 923 693 987 ergo
710 922 800 965 meus
811 922 899 965 nune
910 922 977 965 esse
992 900 1133 966 maritus
1141 902 1179 965 ‘l’

208 1030 213 1039 ι
265 986 421 1052 ‘Seruus'
436 986 533 1051 Iason
547 988 593 1050 ait
608 990 752 1049 ‘tantum
766 1006 808 1049 ne
823 985 892 1050 uita
907 988 1044 1069 negetur

202 1086 250 1132 ‘255
262 1071 307 1134 Te
321 1092 436 1154 precor
451 1073 483 1133 et
498 1069 662 1134 dominam
677 1068 809 1134 fateor.’
839 1069 885 1133 sio
900 1069 995 1133 fatus.
1028 1073 1062 1132 at
1078 1070 1143 1133 illa

264 1154 398 1237 Rumpit
412 1155 521 1218 uincla
535 1154 688 1237 iubetque
703 1153 774 1218 uiro
789 1152 965 1236 suspendat
979 1154 1019 1217 ab
1034 1153 1102 1216 aris

265 1238 312 1302 Ut
326 1237 451 1302 facinus
465 1243 583 1323 purget
621 1238 775 1321 roprium.
804 1241 900 1301 uocat
914 1238 985 1320 ipsa
998 1238 1165 1302 maritum

265 1321 419 1386 Uestibus
433 1322 583 1386 indutum
597 1260 702 1405 lpriis
718 1342 797 1404 quas
812 1322 931 1385 sericus
947 1321 1048 1385 ambit

265 1405 374 1470 Mollis
390 1410 422 1470 et
436 1406 471 1469 in
485 1405 591 1470 medio
606 1405 733 1469 fuluum
747 1403 938 1469 distinxerat
952 1427 1066 1469 aurum
1074 1454 1083 1487 ‚

201 1504 251 1552 260
264 1491 393 1554 Blattea
406 1490 544 1573 puniceo
559 1489 727 1554 radiabant
742 1490 878 1552 stamina
893 1488 959 1553 filo.

263 1574 405 1656 Expauit
418 1575 543 1655 nutrix,
560 1595 671 1637 omnes
686 1576 836 1655 stupuere
850 1573 1000 1637 ministri.

264 1660 309 1719 At
324 1678 405 1739 puer
418 1679 429 1719 1
512 1661 604 1720 otens
618 1657 724 1720 uictor
742 1678 800 1739 per
814 1657 935 1739 templa
946 1655 1147 1739 triumphat,

263 1740 378 1804 Nudus
392 1678 634 1823 ludimljlymcn,
650 1740 756 1804 mollis
771 1740 905 1804 lasciuia
919 1741 1030 1822 saltat,

266 1823 391 1887 Blanda
404 1824 506 1888 libido
523 1826 603 1906 coit,
619 1824 755 1907 simplex
770 1824 901 1889 affectus
916 1825 1081 1909 inhaeret,

202 1923 251 1968 ‘ita
266 1908 404 1972 Ludiera
417 1908 562 2005 puniceis
577 1908 772 1972 resonabant
786 1908 896 1972 oscula
910 1907 1024 1990 labris,

265 1993 354 2055 Dant
368 1992 480 2056 facrles
494 1993 625 2075 plausus
641 1990 811 2056 concordia
825 1992 930 2076 gratia
942 1992 1047 2056 lusus:

265 2076 408 2158 Sponsus
423 2076 519 2140 Iason
534 2080 603 2139 erat
617 2072 760 2159 gaudens
776 2079 808 2139 et
823 2097 941 2159 sponsa
955 2075 1109 2140 sacerdos

264 2157 317 2220 Ad
331 2159 491 2222 thalamos
506 2163 580 2241 post
594 2159 716 2242 templa
729 2160 804 2223 ruit.
830 2164 907 2223 tunc
921 2160 1074 2242 pronuba
1086 2160 1183 2226 Iuno

266 2240 382 2305 Adfuit
395 2245 428 2305 et
442 2247 549 2326 grates
565 2241 702 2306 Ueneris
717 2242 854 2307 facunda
869 2244 1015 2307 canebat.

202 2339 254 2390 270
265 2326 349 2389 Ecce
363 2326 599 2409 triumphantes
614 2325 755 2411 ingratia
770 2326 849 2389 dura
863 2327 986 2411 iugales

268 2409 482 2493 Consequitur
497 2430 608 2494 gressu
624 2432 770 2491 consors,
787 2410 908 2475 obliuio
924 2410 1040 2494 iungit

111 2528 142 2575 sp,
155 2528 190 2574 ⁸0]
267 2493 428 2558 Marcidus
442 2496 566 2559 interea
581 2495 710 2558 domitis
725 2494 868 2558 rediebat
882 2495 923 2557 ab
937 2495 1027 2558 Indis

266 2577 364 2641 Liber
377 2579 565 2642 anhelantes
580 2578 722 2643 residens
736 2582 811 2661 post
824 2579 949 2660 proelia
965 2579 1085 2663 tigres,

266 2659 368 2734 Quem
383 2662 527 2744 sequitur
542 2662 681 2726 iucunda
695 2684 808 2725 manus
824 2662 940 2726 saltare
954 2666 1071 2745 parata

204 2757 253 2805 275
265 2742 366 2808 Ebria
381 2746 560 2827 pampineis
576 2747 713 2810 miscens
728 2746 811 2810 uesti
834 2747 865 2809 ia
879 2745 1008 2830 thyrsis.

266 2826 374 2893 Sensit
388 2828 594 2892 amoriferum
610 2828 791 2913 Scythicam
851 2830 913 2893 isse
929 2829 1056 2914 sagittis

265 2912 310 2978 Et
323 2913 488 2978 uolucrem
503 2934 638 2996 puerum
652 2914 842 2998 populatum
855 2914 976 2998 templa
990 2912 1143 2979 Dianae:

270 3136 320 3185 248
339 3135 454 3200 dignata
521 3135 571 3183 250
588 3136 680 3183 lacuna
697 3135 810 3183 indicata
828 3141 867 3183 est
885 3136 988 3199 ellamp
1059 3136 1114 3184 256
1136 3136 1193 3187 iu-

203 3201 322 3265 uenique
340 3218 408 3253 corr.
421 3200 520 3251 Bueclae.
536 3203 540 3261 Ι
555 3201 633 3264 uirgo
649 3203 653 3264 Ι
669 3201 811 3264 suspendit
829 3217 897 3252 corr.
917 3201 1012 3250 Bueclt.
1033 3212 1194 3266 corrupte.

203 3319 243 3366 lue
261 3324 322 3365 nota
339 3321 426 3367 uersat
442 3322 563 3381 praefixa
581 3326 620 3368 est
676 3320 724 3369 258
744 3276 824 3383 quain
887 3319 937 3368 260
956 3316 1055 3367 Blatea
1123 3320 1196 3375 267

203 3390 262 3434 ante
281 3385 410 3435 sacerdos
433 3388 566 3447 repetitum
589 3399 669 3434 saceo
693 3384 797 3447 (initium
816 3386 906 3435 literae
926 3384 953 3447 d)
1023 3386 1075 3435 268
1094 3385 1199 3440 ducit

205 3455 232 3500 et
250 3451 323 3499 hunc
342 3466 411 3500 corr.
430 3450 526 3499 Bueck.
587 3453 725 3501 adamatis
743 3453 847 3503 Ueneri
903 3454 950 3501 271
971 3466 1083 3515 gressus
1102 3470 1198 3509 corr.

205 3517 301 3567 Bacch.
370 3518 420 3567 275
438 3518 521 3577 tyrsi}
