2500 3917
483 219 508 268 x
527 221 663 272 aer-eoa
1013 218 1054 283 69

154 368 233 433 ‘Illo
249 369 315 432 iam
328 376 475 452 gressus'
491 367 572 432 dixit
586 368 785 433 ‘conuertite
800 369 918 453 tigreS‚

152 453 241 518 Estis
257 474 353 535 opus,
368 473 441 516 mea
454 452 563 534 turba,
580 451 650 517 deo.
679 456 848 535 properate
863 453 1012 518 ministri.

85 550 140 600 280
151 537 311 621 Pinniger
323 536 444 601 Idalius
459 536 565 601 minor
579 540 628 600 est
642 537 711 600 sine
727 558 858 602 munere
873 540 1015 602 nostro)

145 621 281 686 Dixerat
296 626 329 684 et
343 617 508 703 Scythiam
522 619 669 684 Bacchus
684 621 748 684 iam
762 628 877 703 sponte
892 622 1031 705 petebat.

152 705 223 769 Iam
237 705 329 769 uenit
343 704 383 767 ad
399 703 538 769 Colchos
543 754 552 788 ,
567 705 633 768 iam
648 726 682 768 se
697 703 854 769 Semeleia
869 705 1010 790 iungunt

152 789 311 874 Agmina,
326 787 498 879 Bybliadeo
513 788 635 852 saltant
650 787 860 871 Bacchaeque
875 794 1033 855 rotantur.

153 872 285 937 Uenatu
300 874 424 936 interea
436 871 563 936 rediens
575 872 708 937 delubra
722 874 853 957 petebat

85 969 139 1019 085
153 955 337 1021 Plectriferi
351 978 505 1041 germana
519 957 585 1041 dei,
599 958 717 1021 mirata
731 961 864 1040 repente

153 1040 247 1116 Quod
261 1041 355 1106 sileat
367 1041 539 1123 templum,
561 1041 667 1105 subito
684 1040 771 1125 quod
791 1062 918 1124 sparsus
933 1041 1051 1124 ubique

152 1126 345 1189 Ambrosius
360 1125 406 1188 sic
420 1123 539 1209 fraglet
555 1125 643 1190 odor.
673 1146 809 1189 sonuere
824 1147 882 1209 per
896 1147 988 1190 aures

151 1208 356 1274 Fescennina
370 1208 456 1272 deae.
485 1207 694 1291 pulchrorum
711 1212 788 1273 uota
802 1214 974 1293 geruntur:

151 1294 214 1357 Iun
241 1293 305 1356 'tur
319 1292 476 1357 Aesonidi
490 1292 619 1377 fulgens
635 1292 748 1356 Medea
762 1296 888 1356 marito.

86 1391 139 1440 290
151 1313 294 1441 00000ἰο
309 1376 397 1441 dolui
434 1398 475 1441 ue
489 1377 600 1441 simul:
624 1381 708 1440 ‘non
724 1376 830 1440 omine
845 1376 951 1440 fausto

153 1461 399 1544 Coniungatur’
415 1461 462 1524 ait
478 1466 553 1525 ‘nec
567 1482 722 1545 prospera
735 1460 884 1524 flammea
898 1464 1012 1523 sumat.

149 1545 334 1628 Displicent
348 1544 540 1628 quandoque
555 1546 625 1610 uiro
642 1546 693 1608 cui
712 1544 849 1627 turpiter
863 1544 968 1607 audax

150 1628 337 1712 Sacrilegus
351 1628 508 1711 processit
523 1650 627 1711 amor,
644 1628 699 1692 sed
714 1628 829 1693 iustius
845 1632 938 1711 opto:

149 1711 298 1777 Perfidus
315 1734 331 1776 e
355 1713 477 1797 regiam
492 1716 678 1777 contemnat
698 1716 797 1777 nauta
811 1712 967 1797 iugalem,

85 1810 136 1859 295
148 1796 288 1862 Dulcior
302 1820 322 1861 a
346 1802 435 1861 ectus
449 1798 503 1860 uel
517 1818 626 1861 amara
641 1797 774 1880 repudia
788 1797 905 1861 mittat.

148 1880 282 1945 Funera
295 1884 346 1945 000
360 1880 470 1945 uideat
483 1880 606 1945 fuerint
621 1885 701 1963 quot
714 1882 853 1965 pignora
866 1884 983 1963 mater,

151 1964 242 2029 Orba
256 1987 372 2047 parens
386 1969 481 2030 natos
518 1964 646 2049 langat,
663 1964 795 2028 uiduata
809 1965 925 2028 marito

149 2048 279 2133 Lugeat
293 2054 326 2113 et
340 2048 481 2113 sterilem
495 1986 592 2113 ducat
606 2070 664 2131 per
679 2049 805 2113 saecula
818 2052 956 2113 noctem.

148 2132 290 2197 Aduena
304 2154 430 2216 semper
444 2136 511 2216 eat,
527 2154 561 2196 se
576 2134 660 2196 tanti
675 2154 771 2197 causa
786 2132 906 2197 doloris

84 2229 136 2278 300
151 2220 331 2280 Auctorem
345 2217 492 2281 confessa
506 2220 642 2301 gemat’¹
673 2218 719 2283 sic
736 2217 806 2281 fata
820 2216 927 2281 Diana

150 2300 269 2364 Tristis
285 2302 368 2383 abit,
385 2301 519 2364 delubra
532 2305 657 2383 tacent,
672 2301 810 2365 sacraria
825 2304 984 2382 maerent,

150 2383 319 2469 Sanguine
330 2384 452 2467 templa
462 2389 581 2468 carent,
593 2385 704 2448 nutrix
714 2388 822 2449 tamen
833 2384 915 2447 atria
925 2385 1052 2447 tantum
1066 2404 1098 2453 [p.
1111 2403 1147 2453 0]

151 2468 362 2551 Templorum
377 2469 526 2533 seruabat
541 2491 636 2532 anus:
659 2468 739 2531 haec
754 2468 850 2531 anxia
864 2468 985 2531 crimen

149 2551 300 2635 Uirginis
316 2556 349 2618 et
363 2556 492 2636 raptum
507 2553 644 2617 deflebat
658 2555 778 2616 maesta
792 2550 957 2634 pudorem.

82 2649 134 2698 305
152 2635 266 2710 Qualis
279 2638 316 2700 in
331 2638 495 2701 exhaustis
509 2659 567 2720 per
581 2636 710 2701 sordida
724 2638 808 2699 tecta
822 2636 925 2699 ruinis

150 2719 241 2784 Strix
255 2724 415 2785 nocturna
429 2723 524 2785 sonat
537 2725 642 2784 rostro
658 2720 812 2783 stridente
827 2741 885 2803 per
899 2719 1028 2783 umbras

150 2803 265 2878 Qualis
280 2807 313 2868 et
327 2803 506 2869 horrendus
520 2804 649 2868 funesto
665 2804 805 2868 carmine
820 2803 906 2868 bubo

149 2886 371 2970 Conqueritur
385 2888 531 2952 deflenda
550 2909 682 2973 gemens
698 2887 773 2951 dum
795 2888 900 2951 tristia
914 2888 1054 2950 maestus

154 3041 205 3090 281
225 3056 331 3106 uacuae
347 3058 416 3092 corr.
430 3042 526 3091 Bacch.
544 3044 616 3092 malie
634 3057 729 3091 currus
746 3046 786 3091 uel
800 3041 879 3090 simite
892 3040 954 3103 quid
1003 3040 1054 3089 283

473 3110 485 3147 t

81 3157 230 3209 Bibliadee
298 3160 489 3227 284peteba13
561 3161 611 3210 ‘289
630 3158 746 3209 Esonidi
815 3158 863 3207 291
883 3154 1055 3220 Coniugatur

83 3227 307 3291 coniungetury
367 3230 419 3277 294
435 3232 501 3277 nata
554 3229 604 3277 296
621 3230 710 3275 mater
727 3239 796 3276 corr.
815 3240 850 3275 eoe
868 3226 949 3274 matri
1004 3224 1054 3275 298

82 3298 194 3343 noctem
212 3301 358 3359 comptum
379 3296 489 3345 zddetur.
524 3295 609 3344 uitam
627 3295 763 3357 proposuit
779 3291 876 3343 Bacch.
946 3294 996 3343 299
1010 3293 1055 3342 'eit

82 3362 160 3411 tanti
247 3364 296 3412 301
320 3362 392 3426 abijt
410 3360 416 3425 Ι
435 3366 530 3412 tacent
551 3362 645 3411 nutrix
667 3365 759 3410 tamen
783 3360 856 3409 atria
879 3364 985 3411 tantum
1008 3360 1055 3410 ced

81 3443 176 3545 qqqrra}⁸
188 3430 311 3493 seriptum
333 3429 458 3479 sacraria
481 3433 611 3479 maerent.
646 3430 704 3477 item
725 3443 742 3491 γ
824 3430 874 3479 307
896 3428 962 3479 bulo
985 3443 1054 3479 corr.

107 3511 184 3547 uec.
