2500 3917
404 231 443 282 v1
461 232 579 281 iio—122
608 232 663 283 VII
682 234 764 281 1-29

256 433 337 516 llxp.
351 432 602 515 Epithalamium
614 433 650 497 in
663 432 822 500 iratribus
836 432 964 499 dictum.

239 605 311 673 VII.
352 606 603 689 Epithalamium
630 604 759 671 Ioannis
784 608 818 671 at
840 605 978 672 Uitulae.

159 744 325 817 Carminis
339 742 434 807 Idalii
449 764 599 827 cuperem
614 764 701 806 nunc
715 743 822 806 ebrius
837 764 905 807 esse

156 828 334 894 Nobilium
348 826 498 891 thalamis
513 827 648 891 Fabiani
663 827 830 911 sauguinis
845 826 950 894 iudex.

159 912 260 989 Quod
275 912 356 977 mihi
371 912 399 975 si
413 911 492 976 felix
504 911 603 976 hodie
617 911 752 975 fortuna
767 910 914 993 dedisset,

157 996 196 1062 N
198 1020 243 1062 ou
257 997 437 1061 inhonorus
455 1017 543 1059 eram
558 995 613 1059 sed
628 996 721 1059 laude
736 996 921 1078 redemptus
935 995 1066 1080 abirem,

124 1095 143 1143 5
160 1080 235 1145 Uer
248 1085 409 1145 recreatus
424 1100 524 1165 agens
539 1080 566 1143 si
580 1101 649 1144 non
663 1083 772 1144 tamen
787 1081 856 1163 ipse
871 1084 1011 1165 renatus,

159 1166 310 1230 Emerito
326 1164 470 1229 referens
484 1186 656 1249 generosas
671 1165 799 1248 auspice
815 1164 934 1246 laudes,

160 1250 210 1315 Et
225 1249 355 1314 Uitulae
371 1270 520 1313 canerem
533 1248 642 1313 taedas
657 1270 715 1332 per
729 1254 807 1312 uota
820 1248 953 1313 Ioannis

160 1334 291 1398 Laurea
306 1338 391 1397 serta
405 1334 505 1397 comis
520 1332 660 1416 religans
676 1336 709 1395 et
722 1336 870 1415 tempora
884 1336 1000 1415 myrto,

160 1418 306 1483 Prodere
313 1418 465 1503 gestirem
473 1419 551 1480 haec
559 1438 642 1501 quae
653 1438 742 1480 nunc
755 1438 812 1499 per
818 1421 896 1480 uota
902 1421 1067 1500 geruntur.

108 1516 144 1565 10
161 1502 334 1568 Cantarem
352 1502 428 1586 quia
443 1501 556 1584 Cypria
572 1500 662 1564 adest
675 1501 762 1564 bona
775 1505 878 1564 mater
892 1522 1046 1579 amorum,

161 1586 307 1671 Agmine
322 1586 480 1650 mellifluo
497 1585 615 1649 ducens
631 1607 689 1648 sua
700 1607 820 1667 pompa
835 1585 978 1667 choreas,

160 1671 317 1754 Impubes
331 1670 470 1735 lasciuus
485 1674 579 1733 atrox
593 1670 755 1733 uiolentus
770 1691 936 1752 amoenus,

162 1755 221 1819 Lis
258 1756 323 1818 acis
337 1754 519 1837 tacitusque
533 1755 661 1837 loquax,
676 1753 731 1817 fur
745 1754 892 1838 garrulus
907 1753 1021 1835 audax,

161 1838 219 1903 Nn
242 1862 280 1903 us
294 1844 328 1903 et
342 1842 499 1919 armatus,
514 1837 601 1903 ferus
617 1842 650 1901 et
663 1844 749 1920 pius,
765 1838 931 1919 improbus
946 1837 1068 1921 insons,

109 1936 143 1985 15
159 1922 207 1988 Et
217 1922 531 2007 quodamoriferum‚
539 1943 645 1985 secum
656 1922 743 1985 hunc
755 1921 882 1985 duxisse
894 1922 1068 1985 uolucrem.

162 2006 344 2092 Uulgarem
360 2008 436 2090 quia
450 2006 516 2069 tela
531 2006 617 2090 gerit
631 2005 747 2089 quihus
762 2009 874 2068 auctor
889 2004 1026 2069 Achillis

162 2094 300 2155 Auserat
313 2090 470 2156 Aeacides
484 2089 657 2174 Nymphae
671 2088 814 2153 radiatus
829 2111 948 2172 amore,

164 2174 297 2259 Spicula
312 2175 463 2239 dixissem
478 2175 596 2258 quibus
611 2173 691 2237 arsit
705 2174 823 2257 Apollo
840 2173 976 2238 disertus

163 2259 247 2324 Cum
261 2263 387 2342 peteret
402 2258 580 2341 Daphnen,
595 2258 693 2322 Liber
704 2259 821 2342 quibus
836 2262 957 2322 arserat
970 2257 1069 2321 Indus

110 2356 145 2405 ao
162 2342 310 2409 Candida
323 2342 476 2407 Dictaeae
492 2364 565 2407 cum
580 2349 725 2407 cerneret
739 2365 795 2405 cra
808 2343 944 2424 puellae,

163 2426 228 2491 Uel
244 2428 362 2511 quibus
377 2428 446 2510 ipse
461 2426 553 2492 furor
568 2425 655 2490 Mars
671 2430 719 2489 est
733 2446 885 2489 accensus
900 2445 1008 2488 amore

163 2510 351 2576 Uesticolae
366 2513 481 2575 niueos
495 2514 620 2595 peteret
635 2532 707 2573 cum
723 2509 859 2593 uirginis
874 2513 972 2589 artus,

164 2594 212 2659 Ut
227 2596 318 2660 daret
333 2600 499 2659 aeternum
514 2594 663 2660 Romana
677 2595 711 2657 in
727 2594 831 2657 saecla
847 2592 1017 2667 Quirinum

162 2678 209 2743 Et
224 2684 299 2763 post
313 2680 381 2744 fata
395 2680 471 2743 deos
486 2679 607 2743 faceret
621 2700 717 2761 super
731 2682 817 2742 astra
831 2682 988 2742 senatum.

112 2776 145 2825 25
163 2762 228 2828 Sed
243 2765 321 2847 quia
334 2765 463 2846 captiuo
478 2764 527 2827 fas
542 2785 609 2827 non
626 2767 675 2826 est
689 2761 793 2826 dicere
810 2784 939 2826 carmen
1077 2780 1107 2832 ir·
1122 2776 1156 2829 2⁷]

163 2847 235 2912 Nec
249 2848 384 2911 reticere
400 2848 475 2911 licet
489 2848 606 2911 festino
622 2847 658 2909 iu
671 2850 817 2929 tempore
832 2847 911 2926 uati,

163 2932 233 2995 Ista
250 2936 369 2995 canant
383 2932 475 3015 pueri
491 2932 546 3015 qui
561 2931 702 2994 carmine
717 2953 795 2994 uera
807 2930 991 3013 loquentur,

163 3014 338 3080 Plausibus
354 3015 512 3079 insultent
527 3019 559 3079 et
573 3019 728 3098 tympana
742 3036 839 3078 rauca
852 3011 980 3095 puellae

164 3099 357 3165 Percutiant
371 3100 497 3183 palmis,
512 3099 622 3183 digitis
638 3100 696 3163 sub
711 3098 868 3163 arundine
884 3100 1000 3161 uentos

167 3258 184 3304 3
203 3253 294 3303 foelix
347 3256 362 3304 5
380 3254 454 3304 Uere
473 3258 585 3303 creatus
603 3252 668 3319 {sed
681 3268 735 3302 uon
747 3268 816 3304 corr.
828 3253 924 3303 Buech.
976 3260 1037 3318 poci
1053 3255 1070 3303 8

94 3320 215 3383 sortasse
232 3324 311 3383 periit
328 3337 419 3373 aereus
472 3323 502 3370 11
523 3336 573 3370 sua
588 3326 734 3383 corruptum
745 3322 848 3369 uidetur
895 3321 926 3370 15
944 3320 1069 3384 Telaque

95 3390 237 3453 temptauit
248 3388 345 3441 Bacch.
361 3389 366 3451 Ι
381 3390 484 3438 dixisse
538 3390 569 3437 17
580 3389 687 3437 Asserit
702 3385 707 3451 Ι
722 3388 834 3438 eacidea
885 3389 917 3437 19
926 3387 1070 3451 Daphnem

129 3458 166 3506 20
183 3454 323 3521 Dicteael
344 3461 473 3506 cerneret
524 3457 556 3504 21
576 3470 668 3504 amare
726 3456 759 3505 27
778 3456 842 3520 quia
859 3470 928 3506 corr.
948 3454 1045 3504 Bacch.

94 3525 128 3574 29
148 3529 257 3573 uentus
274 3539 342 3574 corr.
361 3524 458 3573 Bacch.
