2500 3917
186 274 226 337 14
552 273 832 326 couraouassm

90 410 174 501 affin·
193 498 198 508 ¹
248 423 340 505 Quod
356 424 457 488 scelus
473 426 535 507 est,
550 423 701 487 iuuenis?
716 424 820 486 socios
835 422 970 498 inbelle
982 428 1082 489 tueris

245 508 290 571 Et
304 514 388 571 ciues
403 509 438 571 in
452 529 530 591 pace
545 528 656 571 necas:
673 506 750 590 quid
764 507 833 570 fata
846 507 979 571 minaris

184 604 233 652 120
247 592 351 675 Impia
365 592 578 675 supplicibus,
595 592 672 673 quid
685 592 849 659 funestare
863 591 1045 674 triumphos

246 674 422 740 Contendis
436 679 510 759 post
524 675 609 739 bella
622 678 696 739 tuos
712 677 744 737 et
758 674 898 739 luctibus
912 676 1051 758 imples?

245 760 314 825 Nec
328 759 433 843 pudor
447 763 496 824 est
510 760 650 823 uariasse
665 758 759 822 uiro?
789 760 827 822 de
843 760 913 823 ciue
926 759 1130 843 trophaeum

245 844 349 908 Nemo
365 843 582 926 triumphator
595 844 704 926 rapuit
717 864 777 907 nec
792 844 828 906 in
842 843 955 906 arbore
971 845 1086 909 cristas

244 927 358 991 Erexit
372 929 554 1011 quicunque
570 928 656 990 011101
671 927 845 1009 suspendit.
875 927 982 1010 imago

182 1024 230 1071 125
246 1011 364 1075 Uestra
378 1014 475 1095 caput
490 1012 585 1093 ciuis,
600 1032 711 1074 manes
726 1016 886 1074 mereatur
900 1014 932 1074 et
946 1013 1109 1076 umbras?

245 1094 384 1159 Uirtutis
398 1100 523 1159 nestrae
539 1095 737 1159 circumdent
750 1095 865 1159 funera
879 1099 993 1159 testem

243 1178 288 1241 Et
301 1178 395 1244 fortis
410 1180 579 1243 simulacra
593 1180 657 1242 uiri
672 1178 765 1243 ciuile
781 1179 917 1242 cadauer

243 1262 373 1327 Polluat
388 1284 424 1326 ac
438 1266 549 1347 putres
565 1263 731 1327 effundant
745 1284 818 1327 ossa
831 1263 1011 1327 medullas?

195 1358 201 1373 ⁸
244 1344 385 1411 Uictoris
401 1348 496 1431 genio
513 1348 601 1411 sanie
617 1369 690 1410 cum
704 1348 778 1410 tabe
793 1347 926 1411 litetur?

181 1440 230 1490 130
245 1429 368 1503 Quaere
383 1432 594 1496 sacerdotem:
616 1431 726 1494 ueniet
740 1431 876 1495 crudelis
890 1430 1057 1495 Erichtho,

242 1513 332 1578 Haec
347 1519 395 1578 est
410 1518 484 1597 apta
498 1518 563 1578 tuis
578 1516 724 1578 antistita
739 1516 866 1580 saeuior
880 1516 952 1597 aris,

244 1596 332 1671 Quae
348 1598 465 1662 calidas
480 1600 585 1680 rapiat
598 1599 695 1661 fibras
709 1600 872 1681 pulmonis
887 1598 1013 1680 anheli,

244 1679 379 1745 Sorbeat
394 1685 539 1766 ereptum
553 1682 606 1745 uel
621 1683 780 1746 morsibus
795 1682 852 1745 illa
866 1683 1007 1746 cruentis

243 1762 306 1827 Uel
320 1765 451 1830 uiuente
466 1766 554 1829 iecur
567 1765 620 1828 uel
635 1787 691 1829 cor
705 1788 778 1829 cum
791 1767 929 1849 palpitat
942 1767 1042 1829 intret

180 1858 229 1907 135
243 1846 404 1913 Dentibus
424 1851 589 1914 obscaenis
605 1850 716 1934 lingua
730 1851 891 1914 lambente
904 1850 1051 1933 palatum

241 1932 400 1997 Prostrati
415 1935 504 1999 ciuis.
533 1933 613 1998 haec
629 1934 694 1997 sint
708 1939 766 1997 tua
778 1955 926 2018 munera,
941 1934 1070 1998 uictor?

241 2015 357 2080 Hostia
371 2019 444 2082 talis
461 2021 527 2102 eat,
542 2019 617 2082 talis
632 2019 693 2082 tibi
707 2018 838 2082 uictima
852 2018 987 2101 parcat?

243 2099 292 2163 Sit
306 2104 362 2163 tua
376 2102 527 2165 terribilis
542 2102 688 2165 Phalaris
704 2106 887 2165 centaurus
902 2102 1033 2186 imago?

85 2198 116 2246 [1.
131 2200 164 2247 15]
243 2182 379 2247 Taurica
394 2185 531 2249 crudelis
545 2186 634 2249 mitis
647 2188 757 2248 tamen
771 2208 826 2249 ara
840 2184 964 2249 Dianae

179 2277 228 2325 140
242 2264 311 2329 Nec
326 2266 450 2332 Busiris
465 2272 558 2333 atrox
572 2270 754 2354 Aegyptius
768 2270 823 2333 ille
839 2274 1003 2333 cruentus:

241 2348 335 2414 Solus
351 2353 437 2415 enim
451 2375 509 2436 per
521 2353 644 2437 templa
654 2353 749 2416 deum
763 2354 832 2417 sine
844 2357 947 2417 morte
961 2353 1152 2437 propinqui

241 2433 336 2499 Sacra
350 2437 538 2521 peregrinus
553 2436 696 2502 funestat
711 2442 743 2500 et
757 2438 882 2501 aduena
896 2441 1032 2519 tantum,

237 2518 383 2583 Inlaesus
398 2543 474 2584 nam
489 2522 569 2585 ciuis
585 2525 662 2585 erat.
692 2526 745 2604 tu,
761 2522 879 2604 uictor,
895 2521 1006 2604 inique

240 2600 412 2667 Sardorum
429 2606 485 2687 qui
499 2626 589 2669 sacra
601 2607 719 2688 probas
735 2609 767 2668 et
781 2606 909 2669 111οο1111
923 2604 1033 2669 foedas

177 2696 225 2745 145
241 2685 346 2751 Lauro
363 2688 468 2751 cincta
482 2691 539 2751 tua
553 2690 669 2753 uestris
684 2691 798 2753 ornata
813 2690 949 2754 coronis.

239 2768 350 2834 Insula
364 2771 504 2835 delubris
518 2775 669 2837 natorum
683 2772 766 2837 00111
780 2774 915 2856 secabat,

239 2853 378 2918 Uerticis
393 2855 477 2919 unde
493 2877 616 2920 comam
631 2878 709 2920 uera
723 2856 843 2939 pietate
857 2859 1007 3003 parentes

238 2938 365 3004 11111001
380 2940 502 3003 ceruice
517 2944 652 3005 metunt.
681 2940 842 3025 Carthago
878 2962 994 3004 uorum

243 3144 292 3192 124
311 3146 379 3194 011110
397 3144 570 3195 0010300011.
583 3148 697 3210 sequitur
714 3160 809 3194 manes
821 3149 959 3194 mereatur
978 3148 1006 3192 et
1024 3146 1153 3199 umbras

174 3208 221 3255 sed
237 3218 388 3272 capuccium
458 3214 506 3261 125
528 3214 553 3261 iu
575 3214 648 3261 initio
665 3228 755 3261 uersus
776 3211 889 3261 uirtutis
910 3213 1001 3274 lepitur
1022 3216 1072 3262 scd
1089 3230 1156 3266 ex-

173 3281 289 3333 punctum
312 3278 316 3335 Ι
341 3284 436 3327 uestra
456 3294 551 3328 rasura
572 3294 679 3328 corrue
700 3283 793 3327 uestre
880 3280 928 3328 127
954 3281 1043 3342 portis
1065 3295 1155 3333 corr.

174 3338 269 3389 Bacch.
328 3345 377 3393 130
395 3345 492 3402 ericto]
511 3350 673 3408 corruptelae
690 3347 762 3407 stpuo
780 3353 900 3410 notatum.
918 3348 1006 3395 codem
1017 3349 1155 3400 111111·ἀο-

174 3412 216 3453 tur
237 3422 310 3457 mauu
332 3411 359 3457 in
380 3416 491 3474 marptoc
514 3414 670 3475 adscriptum
691 3419 730 3461 est
757 3411 857 3461 allecto
944 3414 992 3462 131
1015 3413 1157 3469 antistis,

174 3474 222 3521 13⁷
240 3480 336 3538 parcat
348 3484 494 3539 corruptum
509 3478 623 3539 sortasse
640 3494 720 3527 sacra
778 3480 827 3529 138
844 3478 953 3529 Falaris
967 3475 971 3542 Ι
987 3487 1160 3535 centaurus

173 3554 242 3594 corr.
256 3540 352 3592 Bacch.
417 3544 464 3591 142
484 3544 605 3594 funestet
624 3546 733 3595 eduens
798 3548 847 3596 143
865 3562 927 3597 eras
945 3561 1014 3596 corr.
1035 3546 1159 3606 Bueck.
