2500 3917
369 254 437 305 vm
454 257 589 308 618-655
618 257 659 308 rx
679 261 760 311 1-22
889 288 894 292 -
1005 262 1046 328 51

144 402 270 486 Martis,
287 404 320 467 et
334 404 442 467 ornati
457 405 574 470 misero
589 406 776 471 flammastis
791 430 900 473 amore

82 502 131 549 650
147 486 316 552 Ostensarn
330 487 390 551 sub
405 492 500 553 nocte
515 489 618 554 facem
636 512 699 573 qua
713 490 810 556 Trois
825 496 992 578 cremetur,

144 571 210 647 Qus
222 571 311 655 Phry
335 572 1043 647 esincurrantobitumsineeriminemortis.

143 655 307 741 Sanguine
350 656 464 721 roiano
480 657 608 722 dabitur
623 659 690 742 dos,
706 660 794 725 clade
810 660 981 747 Pelasgum

143 738 271 805 Diletur
286 739 412 805 Ledaea
426 740 525 826 fugax
539 764 597 825 per
612 748 718 807 castra
731 765 885 830 propago,

144 823 305 889 Orbentur
319 826 435 908 superi,
451 827 575 891 caelum
590 831 700 911 gemat
714 832 747 891 et
762 850 848 892 mare
863 829 1009 918 plangat:

82 921 128 971 655
145 906 274 974 Crimen
288 908 440 973 adulterii
453 910 527 975 talis
543 910 686 975 uindicta
702 917 863 995 sequatur.

81 1197 131 1263 IX.
158 1196 382 1263 Delibcrstiua
395 1196 535 1263 Achillis
554 1214 596 1263 sn
615 1215 728 1282 ccrprn
742 1198 890 1268 Hectoris
904 1202 1032 1270 neunt.
1052 1225 1084 1274 n.
1097 1221 1132 1269 ⁶5]

141 1350 175 1417 Si
189 1351 286 1415 decus
302 1354 349 1415 est
365 1352 468 1415 uirtus
484 1356 516 1415 et
530 1353 672 1434 praemia
687 1358 803 1417 cuncta
817 1359 967 1438 meretur,

140 1434 173 1500 Si
188 1435 341 1499 meritum
355 1438 431 1518 post
445 1435 513 1499 fata
527 1441 646 1518 manet,
662 1437 691 1500 si
704 1437 790 1501 fama
804 1443 965 1521 superstes

138 1520 271 1585 Eminet
286 1522 319 1583 et
333 1519 455 1603 gaudet
468 1520 572 1584 titulis
587 1542 703 1585 ornare
718 1522 897 1605 sepulchra,

140 1608 258 1668 Annue
274 1604 360 1686 quod
373 1604 522 1686 petimus.
552 1604 647 1669 fortis
661 1626 720 1688 pro
735 1605 819 1669 forte
834 1608 973 1692 rogaris:

107 1702 123 1748 ὁ
138 1688 297 1772 Egregias
312 1691 436 1751 mentes
451 1688 554 1751 uirtus
569 1688 707 1753 delectat
720 1689 756 1753 in
770 1690 872 1772 hoste,

136 1772 267 1837 Inuidia
282 1792 373 1835 mens
388 1792 513 1835 summa
528 1777 624 1855 caret,
639 1774 772 1837 laudare
786 1773 901 1838 deeora

136 1855 243 1921 Nouit
258 1860 292 1920 et
306 1855 455 1940 ingentes
471 1856 618 1921 attollere
634 1858 750 1942 gestiet
765 1862 864 1922 actus.

136 1939 203 2005 Dat
217 1939 323 2003 uirtus
338 1940 484 2023 exempla
498 1940 591 2005 bonis
607 1942 781 2024 prauisque
795 1941 950 2023 pudorem

135 2024 299 2088 Debilitas
319 2044 400 2106 ques
415 2024 498 2087 lassa
513 2025 639 2107 premit.
670 2030 706 2089 tu
721 2024 814 2089 fortis
829 2025 972 2090 Achilles

90 2120 120 2167 10
139 2106 226 2184 Quid
241 2108 396 2204 prohibes
410 2108 564 2189 tumulos,
580 2108 727 2191 quamuis
742 2109 866 2172 iactum
881 2110 1020 2207 sepulcri

136 2192 310 2256 Temmtur
325 2197 358 2255 et
371 2191 455 2255 nihil
471 2197 519 2257 est
534 2193 672 2275 quoduis
691 2194 727 2257 in
742 2196 847 2257 morte
861 2194 1040 2276 periclum?

135 2276 171 2341 Si
188 2298 302 2340 sensus
317 2280 393 2359 post
407 2275 474 2339 fata
487 2277 587 2359 perit,
604 2298 661 2340 cur
675 2277 769 2341 busta
783 2277 966 2361 negantur?

134 2359 170 2425 Si
187 2382 280 2424 mens
295 2360 362 2423 ulla
377 2364 495 2441 manet,
511 2360 576 2425 iam
590 2361 709 2425 rectius
724 2381 800 2444 ergo
814 2363 947 2443 putatur

131 2444 165 2509 N
167 2466 213 2509 on
225 2444 353 2528 requies
366 2442 421 2508 sed
435 2465 540 2527 poena
550 2464 665 2529 rogus:
683 2449 844 2509 tormenta
857 2444 1040 2527 sepulerum

85 2540 114 2587 15
133 2530 175 2593 In
201 2530 265 2593 erit
285 2532 317 2593 et
331 2550 443 2593 manes
457 2528 599 2593 tolerant
611 2550 670 2612 per
683 2529 827 2593 membra
842 2527 994 2595 dolorem.

131 2550 200 2678 sei
213 2634 345 2677 sensum
360 2634 432 2677 cum
447 2612 518 2676 luce
533 2614 629 2677 simul
644 2616 718 2696 post
732 2613 800 2677 fata
814 2612 918 2695 perire

130 2697 298 2783 Segnibus
314 2701 346 2761 et
359 2698 467 2780 pueris
481 2699 638 2761 mentitur
651 2697 738 2761 fama
752 2698 893 2763 relatrix.

129 2782 220 2846 Sunt
234 2780 361 2845 animae
374 2785 450 2865 post
463 2782 606 2846 membra
619 2782 705 2866 piae:
727 2804 808 2867 quas
822 2784 921 2868 ignea
934 2784 1037 2848 uirtus

128 2866 238 2929 Tollit
252 2864 293 2929 ad
308 2868 394 2929 astra
407 2866 530 2929 micans
546 2870 578 2930 et
592 2867 670 2931 solis
684 2868 720 2931 in
734 2870 811 2933 orbe
825 2867 972 2932 recondit

81 2959 112 3007 20
129 2950 282 3014 Lunares
297 2969 366 3014 non
380 2972 475 3033 passa
490 2951 613 3034 globos.
645 2973 682 3015 ac
697 2952 832 3035 desuper
846 2952 956 3015 orbem

128 3033 338 3117 Exspectant
353 3034 524 3117 stellasque
539 3054 641 3119 uagas
657 3041 690 3100 et
704 3037 797 3122 sigua
811 3034 915 3098 leonis

130 3118 289 3202 Augusto
302 3118 380 3202 quid
391 3138 500 3182 mense
514 3122 639 3202 parent,
652 3120 729 3203 quid
740 3124 846 3183 ecura
859 3121 1019 3203 temptent

133 3271 189 3322 650
216 3272 340 3322 Ostensa
367 3270 488 3322 Obtentn
511 3272 564 3321 IM
648 3275 663 3323 2
685 3277 748 3336 pust
774 3289 857 3337 parua
884 3279 979 3324 manet
1004 3276 1039 3338 cf.

69 3332 149 3388 orest.
170 3340 224 3389 470
287 3340 380 3401 apost
399 3337 492 3389 hostes
509 3355 603 3389 rasura
667 3342 699 3390 10
717 3340 856 3403 sepulchri
920 3344 951 3391 12
972 3343 1017 3391 eui

68 3406 97 3450 13
116 3410 145 3453 et
164 3406 224 3455 iam
243 3410 340 3469 pectus
358 3420 426 3456 corr.
437 3405 531 3456 Buccis.
548 3408 552 3467 1
568 3406 640 3457 uerbi
656 3412 770 3471 putatur
784 3424 802 3471 p
816 3411 893 3458 litera
910 3418 1040 3472 expuncta

65 3470 170 3521 indetur
237 3476 269 3523 14
288 3472 465 3538 sepulchrum
524 3476 553 3524 17
573 3474 702 3538 Signibus
771 3477 803 3524 21
821 3476 984 3539 Exspectat.
1002 3478 1039 3536 cf.

64 3538 89 3587 d.
108 3541 159 3590 deo
181 3540 264 3591 1356
316 3542 350 3590 22
369 3545 482 3591 caetera
600 3574 604 3577 -

797 3624 835 3673 42
