2500 3917
491 218 515 266 v
539 220 681 271 irs-aas
738 220 742 225 ·
1037 222 1075 286 17

93 378 153 427 205
168 364 316 453 Diuitiae
330 368 451 431 2122122
465 388 591 450 semper
604 367 708 432 fecere
723 373 895 453 tyrannos:

169 450 260 514 Hinc
274 448 397 514 Marius
412 450 489 514 hinc
505 450 593 533 Sylla
607 452 695 517 ferus
710 452 786 517 hinc
794 453 899 519 Cinna
914 459 1074 540 cruentus,

168 534 253 598 Inde
268 534 332 598 fuit
347 539 477 617 Caesar,
493 534 670 601 dominatio
685 538 790 620 prima
807 541 946 602 senatus.

168 618 204 682 N
206 640 259 682 am
275 618 416 683 domitor
429 618 552 701 Libyae
567 620 727 685 bellorum
742 620 851 705 Scipio
866 623 990 686 fulmen

169 702 280 767 Fortis
295 704 424 767 adultus
440 703 543 768 adhuc
558 708 646 768 totos
662 705 718 788 qui
733 706 812 770 uicit
826 706 963 770 Hiberos

95 800 156 848 210
173 786 433 870 Hannibalisque
449 791 571 851 trucem
586 789 685 873 fregit
698 812 757 873 per
770 789 856 853 bella
868 790 1013 855 furorem

172 871 223 935 Ac
238 871 463 955 populatorem
478 870 644 937 Romanae
660 874 766 957 gentis
780 874 889 959 adegit

173 954 311 1021 Sorbere
326 956 535 1043 mortiferum·
545 978 602 1021 ceu
617 958 734 1041 pocula
747 958 866 1022 blanda
880 980 1042 1023 uenenum

172 1039 219 1103 Et
236 1043 333 1123 caput
346 1039 524 1103 infaustum
539 1041 666 1126 legatus
681 1044 770 1125 uexit
784 1042 824 1106 ad
839 1044 961 1127 urbem,

174 1122 359 1189 Minturnas
375 1124 413 1187 de
437 1124 525 1189 ulsus
541 1126 619 1190 obit.
650 1128 722 1209 pius
737 1126 811 1189 inde
825 1126 978 1191 Camillus

101 1220 159 1269 215
178 1207 295 1271 Missus
310 1210 346 1272 in
362 1147 503 1291 exiiium,
519 1231 579 1273 neo
593 1209 734 1274 Romula
746 1215 833 1274 tecta
847 1212 971 1276 uideret

174 1290 221 1355 Ni
236 1292 312 1357 satis
328 1292 466 1375 offerret,
483 1293 587 1358 uictor
602 1294 679 1358 licet
694 1295 766 1358 exul
782 1295 822 1358 ab
837 1298 925 1379 urbe,

176 1376 259 1441 Cum
275 1376 496 1441 Romanorum
512 1377 614 1442 Gallis
630 1378 749 1441 uexilla
763 1379 899 1460 tulisset,

174 1460 262 1524 Exul
277 1465 310 1525 21
325 1462 461 1525 extorris
476 1463 594 1525 meruit
609 1462 647 1525 de
663 1462 751 1526 clade
767 1463 977 1546 triumphum.

176 1544 342 1609 Mentibus
356 1546 507 1642 ingenuis
522 1567 648 1629 semper
661 1569 721 1629 pro
737 1547 808 1631 lege
823 1551 945 1610 tenete:

104 1642 161 1690 220
178 1628 318 1693 Solliciti
331 1651 462 1693 uemam
476 1629 595 1694 debent
608 1653 736 1714 sperare
751 1635 900 1714 potentes

177 1712 287 1777 Securi
303 1735 344 1776 ne
359 1734 460 1798 regna
473 1718 597 1797 petant.
619 1716 675 1779 das
691 1716 757 1779 otia
772 1737 876 1798 seruo,

176 1796 255 1861 Mox
270 1798 352 1861 liber
367 1799 439 1862 uult
454 1820 521 1861 esse
536 1820 622 1862 suus.
653 1800 718 1862 iam
733 1820 828 1864 nemo
845 1799 972 1882 quietus
1090 1819 1119 1873 [ρ.
1134 1818 1165 1872 rs]

176 1880 297 1946 Diuitis
313 1882 439 1946 insidiis
455 1882 583 1947 durabit
596 1903 737 1966 paupere
754 1904 855 1947 caeso.

144 2068 313 2173 Quaestio:
333 2102 378 2167 At
395 2102 535 2184 inquies:
555 2101 611 2167 sed
629 2102 697 2184 legi
715 2101 888 2185 parendum
907 2102 957 2166 cst
975 2118 1055 2182 quae

145 2238 148 2247 r
178 2189 1018 2273 2222121221211202121222221222201120121.

179 2325 215 2390 Si
230 2326 319 2411 leges
333 2330 471 2391 tractare
485 2327 606 2409 placet,
623 2328 774 2391 ueniatur
788 2327 829 2389 ad
843 2327 930 2390 illas:

113 2423 166 2471 225
181 2411 333 2494 Accipiat
348 2410 561 2494 quodcunque
575 2411 656 2474 uelit
670 2412 721 2474 uir
734 2410 829 2474 fortis
846 2413 878 2472 21
893 2414 992 2490 optet.

179 2494 253 2559 Hoc
268 2495 360 2578 cupit
374 2500 407 2558 et
421 2517 553 2578 pauper,
568 2516 627 2577 pro
642 2499 721 2559 uoto
737 2493 846 2556 diuitis
861 2492 970 2574 instat,

180 2578 229 2643 Ut
242 2583 374 2643 maneat
387 2579 439 2643 lex
455 2579 520 2642 lata
534 2583 637 2663 rogat.
658 2579 794 2642 uenialis
810 2578 917 2663 imago

180 2667 251 2727 Aut
265 2663 355 2727 ualet
369 2667 425 2727 aut
440 2668 525 2726 certe
540 2663 745 2727 simulacrum
760 2663 832 2746 lege
846 2665 1023 2745 perempta.

180 2747 311 2811 Interea
327 2768 395 2811 non
410 2768 484 2811 aera
495 2747 624 2829 micent,
640 2770 709 2812 non
724 2768 883 2810 marmora
898 2748 1042 2829 surgant,

116 2844 169 2891 230
184 2830 218 2895 N
219 2852 255 2895 ec
270 2832 330 2895 sub
345 2832 416 2915 lege
430 2832 486 2914 pia
500 2832 594 2894 fortis
609 2853 697 2896 noua
710 2831 853 2915 praemia
868 2833 1001 2912 quaerat

184 2912 274 2989 Quae
297 2915 428 2979 damnat
441 2936 517 2979 mox
532 2920 647 2997 sponte
662 2938 729 2979 sua.
756 2936 823 2979 non
845 2914 1014 2977 submouet
1028 2934 1086 2976 un·

832 3018 929 3081 quam

185 3082 284 3167 Legis
297 3086 391 3146 cauta
405 3083 497 3146 furor
511 3104 607 3166 quam
622 3083 701 3146 dant
714 3104 774 3166 pro
789 3080 883 3144 laude
898 3080 1064 3164 triumphi.

188 3238 239 3287 205
257 3241 422 3301 corruptelae
440 3241 536 3302 siparum
552 3239 710 3300 praefixum.
734 3241 843 3298 spatium
865 3239 956 3286 nullum
973 3238 1089 3285 relictum

117 3311 157 3354 est
227 3306 278 3354 208
302 3304 458 3354 dominator
480 3309 641 3369 corruptelae
665 3311 726 3354 nota
749 3306 835 3354 uersat
855 3305 1008 3368 praeposita
1025 3311 1064 3353 est
1083 3300 1087 3369 Ι

117 3371 228 3435 Lybiae
281 3371 403 3422 2161122
461 3374 660 3435 22002122122
718 3371 889 3422 2231121221
946 3370 1091 3420 22520121

117 3455 192 3489 com.
215 3454 251 3489 ecc
273 3438 344 3487 uelit
418 3440 548 3503 2281222
570 3441 596 3487 in
619 3454 713 3488 rasura
782 3441 831 3488 229
854 3443 970 3502 surgunt
1039 3438 1089 3484 232
1167 3431 1177 3443 ’

117 3511 285 3569 corruptelae
304 3515 366 3556 nota
383 3509 470 3556 uersus*
485 3508 605 3570 praefixa
621 3503 625 3568 Ι
647 3504 730 3570 Leg‘is

171 3590 305 3629 Daacosrn
319 3588 430 3631 camina,
871 3589 887 3634 2
