2500 3917
183 226 202 289 8
562 225 761 277 nuncnune

102 393 135 443 ln·
149 394 170 441 8]
248 376 297 439 Tu
311 376 392 439 mihi
406 396 527 439 numen
543 374 604 439 eris
619 376 648 440 si
662 374 804 440 carmine
817 377 930 438 nostra
941 374 1074 458 leuaris,

198 472 231 520 20
245 458 330 524 Nam
361 462 417 522 tua
450 460 515 523 sint
544 480 752 542 quaecunque
783 458 899 541 loquor
930 480 1154 543 quaecuuque

737 561 742 570 ·
891 564 1050 607 canemus.

181 794 235 860 IV.
262 795 339 878 llxp.
353 794 522 877 praefatio.
550 795 670 877 Incipit
683 795 854 862 allocutio.
882 795 986 860 llenba
998 796 1165 861 Herculis

253 901 322 948 curn
335 882 462 948 uideret
475 882 773 1054 llydrqusstcgggqretiss
788 884 896 966 capita
908 883 1069 967 pullulare

244 1138 390 1221 Iuppiter
405 1142 625 1223 omnipotens,
641 1142 718 1205 oelsi
733 1142 917 1206 moderator
933 1142 1062 1225 Olympi
1076 1192 1087 1225 ,

245 1222 310 1287 Gur
325 1224 406 1287 mihi
420 1225 543 1307 uiperei
558 1225 644 1289 fetus
658 1225 826 1288 malefeta
840 1226 1029 1290 minantur?

245 1306 290 1370 Te
305 1313 461 1391 regnante
468 1357 476 1391 ,
492 1330 622 1391 parens,
642 1310 678 1372 iir
692 1330 743 1373 me
759 1310 907 1373 coniurat
920 1311 1033 1393 iniqua

245 1390 434 1473 Serpentum
449 1393 579 1456 cristata
593 1414 716 1457 manus,
746 1392 801 1456 sed
815 1394 900 1457 forte
915 1394 1045 1477 superbi

215 1488 230 1535 5
247 1474 343 1539 Nnnc
358 1475 480 1539 caelum
499 1481 600 1540 terras
621 1481 757 1559 pontum
772 1476 960 1561 fulmenque
973 1477 1165 1543 trisulcum

245 1558 389 1623 Heredes
405 1562 438 1621 et
451 1559 534 1622 Iuno
550 1564 677 1642 tenent,
693 1582 749 1623 seu
763 1559 906 1645 fulgidus
922 1569 994 1625 ortu

239 1641 382 1710 Procnes
397 1640 437 1705 ad
451 1646 551 1706 terras
567 1664 623 1707 seu
638 1644 703 1706 iam
718 1643 861 1708 defessus
875 1645 984 1708 anheli

246 1723 364 1788 Sideris
380 1746 495 1789 occasu
509 1730 650 1790 maestus
664 1732 721 1791 tua
736 1748 836 1811 regna
850 1729 1014 1812 relinquis.

245 1808 406 1892 Paenitet,
423 1810 505 1873 alme
520 1832 653 1893 parens,
672 1814 780 1875 uestra
794 1812 832 1875 de
847 1813 946 1895 stirpe
961 1816 1108 1876 creatum

198 1904 229 1951 10
244 1891 389 1956 Aloidem
396 1943 405 1976 ,
422 1894 621 1976 quianullus
636 1895 741 1960 honos
756 1901 789 1959 et
803 1896 891 1959 mille
905 1897 1034 1979 pericla.

244 1974 277 2040 N
278 1998 342 2041 am.
363 1978 554 2061 uodcunque
565 1980 687 2042 malum
702 2001 833 2062 superas
846 1981 983 2065 emergit
992 1981 1028 2043 in
1038 2002 1167 2067 auras,

245 1998 392 2123 Hercrdis
407 2062 509 2125 hostis
525 2063 595 2127 erit.
623 2084 682 2145 per
695 2085 755 2127 nos
770 2086 845 2127 narn
860 2064 945 2127 bella
960 2068 1153 2151 geruntur,

245 2144 328 2205 Iuno
344 2165 484 2207 nouerca
497 2144 608 2209 furens
626 2146 734 2228 potuit
749 2169 830 2230 quae
844 2148 932 2211 uicta
945 2170 1057 2231 parare

146 2244 148 2251 ’
181 2236 182 2239 ’
245 2225 418 2309 Priuigno,
434 2231 546 2291 natum
561 2230 657 2311 quem
672 2232 861 2313 comprobat
875 2252 943 2295 esse
958 2231 1128 2297 Tonantis

198 2322 229 2369 15
244 2309 331 2372 Dum
351 2311 445 2374 nobis
466 2312 623 2376 immensa
637 2313 741 2395 iubet,
763 2336 814 2378 me
834 2336 956 2398 proque
970 2317 1167 2399 triumphis

244 2392 385 2457 Horrida
398 2394 484 2458 bella
498 2400 632 2459 manent
646 2400 678 2460 et
691 2419 860 2481 nunquam
874 2403 958 2463 stare
973 2400 1089 2464 licebit

244 2476 346 2541 Hoste
362 2479 431 2543 sine
445 2480 654 2564 trucibusque
670 2480 725 2544 diu
743 2502 931 2547 concurrere
946 2483 1105 2548 monstris

246 2559 438 2643 Compellor.
475 2567 618 2659 genitor,
634 2569 667 2628 te
681 2565 716 2627 in
730 2570 857 2629 nosmet
873 2567 1010 2649 pessima
1025 2569 1168 2636 coniux

245 2642 425 2727 Horrescit,
441 2668 558 2711 mrsero
574 2670 700 2731 semper
714 2652 750 2713 tu
765 2670 861 2713 eausa
875 2652 988 2734 pericli
1003 2672 1045 2715 es.

195 2737 228 2785 20
242 2724 276 2790 N
276 2748 329 2789 am
343 2729 424 2792 mihi
438 2733 602 2813 reptantes
615 2732 741 2796 tumida
756 2735 880 2799 ceruice
895 2735 1049 2799 dracones

244 2808 327 2875 Iuno
344 2812 422 2877 duos
437 2815 540 2896 misit,
557 2816 629 2898 quis
642 2816 784 2881 frontem
800 2819 897 2882 crista
910 2819 1057 2903 tegebat,

243 2892 409 2960 Flammea
423 2896 479 2961 lux
494 2900 613 2983 oculis,
630 2921 689 2983 pro
705 2903 826 2983 spumis
840 2907 925 2966 tetra
938 2924 1083 2987 uenena,

248 3146 275 3192 in
292 3149 457 3215 inscriptione
476 3154 574 3217 palare
643 3158 726 3207 luno
744 3160 881 3223 eodemque
895 3166 1040 3209 octonarum
1059 3161 1176 3211 litera—

179 3223 234 3256 rum
255 3218 341 3273 spatio
364 3227 483 3282 quattuor
504 3236 594 3271 cereces
610 3238 627 3271 a
645 3226 758 3288 mcrpr‘ne
775 3228 867 3274 remoti
886 3233 945 3276 sunt
960 3229 964 3282 l
980 3227 1057 3275 nium
1145 3232 1176 3281 8

180 3280 301 3327 maestos
359 3287 388 3333 11
409 3300 542 3351 superans
561 3304 591 3339 se
608 3290 697 3339 uincit
714 3296 877 3355 corruptelae
894 3295 966 3356 cipro
984 3307 1014 3341 se
1032 3299 1178 3348 notatum

181 3340 213 3389 ¹5
232 3356 341 3409 quoquc
412 3354 443 3402 18
461 3357 489 3403 11
507 3356 536 3403 in
554 3354 674 3421 nosmet]
694 3366 840 3422 comptum
857 3361 967 3410 uidetur.
998 3362 1089 3409 sensui
1109 3378 1181 3413 re-

179 3411 290 3467 spondet
305 3416 343 3476 11,
362 3430 416 3465 nou
435 3434 477 3469 me
539 3424 571 3473 19
590 3423 714 3473 Orrcscit
770 3428 804 3475 20
820 3427 943 3489 replenti
961 3442 1029 3477 corr.
1046 3426 1180 3486 Bneek.

182 3472 215 3521 22
227 3478 306 3527 tecta
324 3488 486 3547 corruptelae
504 3490 575 3552 sipnc
593 3498 705 3540 notatam
722 3507 791 3542 corr.
808 3493 912 3545 Bueelt:
