2500 3917
119 325 123 331 Ι
156 254 199 319 46
563 252 716 302 narsus

157 419 209 468 490
219 405 346 489 Aspicit
359 404 446 469 hune
462 425 571 467 errans
586 402 689 467 oeulis
704 404 818 465 ornata
832 400 994 481 Lacaena,

220 490 356 575 Effigiat
369 510 427 572 per
442 492 557 552 cunata
569 488 678 551 uirum
693 487 809 569 quibus
823 485 878 548 ille
894 485 1027 548 decorus

222 574 375 639 Uestibus
389 572 518 637 incedat
532 572 585 635 uel
599 593 664 655 qua
677 571 832 654 lanugine
847 570 947 633 malas

222 658 360 723 Umbret
374 661 406 721 et
420 658 455 720 in
470 678 563 721 roseo
577 660 769 739 prorumpat
782 653 932 718 flosculus
947 674 1012 717 ore.

220 742 346 807 Laudat
360 764 471 805 amans
485 742 601 804 mirata
616 741 723 803 uirum
737 739 901 802 flammata
914 738 1062 801 Laoaena

157 827 235 891 4051
259 828 353 891 nibus
366 826 476 890 Idaliis
483 876 491 909 ,
507 847 583 889 nam
599 824 719 888 dudum
734 824 913 906 flammiger
928 822 993 885 ales

221 848 326 975 llatre
340 911 471 975 iubente
485 931 566 993 puer
579 909 645 973 telo
661 907 817 974 candente
832 906 986 970 medullas

221 996 338 1060 Ledaei
352 999 463 1077 partus
478 994 591 1057 furtim
606 993 763 1057 iaculatus
777 1013 920 1055 amorem

69 1120 101 1169 [ρ.
115 1121 149 1170 58]
222 1078 364 1143 Usserat.
395 1082 429 1142 at
443 1082 553 1162 pastor
567 1078 684 1161 repetit
697 1080 773 1159 post
785 1098 875 1140 saera
888 1074 1015 1139 Dionae

221 1163 417 1245 Hospitium.
447 1163 561 1247 regina
575 1162 667 1225 uenit
680 1161 822 1243 pallente
836 1160 969 1241 rubore,

158 1260 208 1309 500
219 1246 252 1311 N
253 1269 305 1310 am
319 1247 456 1311 flammis
470 1246 601 1330 perfusa
615 1268 714 1331 genas
728 1245 924 1328 pallentibus
939 1244 1022 1326 ibat,

221 1331 325 1396 Fusus
339 1336 475 1414 uterque
491 1331 585 1395 deoor
599 1331 807 1395 manifestum
820 1329 935 1412 uulgat
949 1349 1106 1393 amorem.

221 1416 388 1480 Pastorem
402 1415 590 1499 pudibunda
603 1416 686 1498 petit
699 1415 870 1478 cohibente
884 1434 1005 1496 pauore

222 1500 442 1583 Hortatnrque
457 1501 563 1563 uirum
576 1500 721 1582 feruens,
737 1520 800 1581 qua
815 1498 914 1580 stirpe
926 1501 1069 1580 oreatuS,

222 1584 347 1648 Indioet
359 1588 391 1647 et
405 1584 504 1647 fuerit
518 1606 582 1667 qua
595 1585 661 1647 iam
675 1586 812 1646 uexante
825 1581 967 1665 procella

158 1679 208 1727 505
220 1666 272 1730 Ad
288 1666 428 1749 Cyprum
444 1668 564 1751 pulsus.
594 1667 700 1731 medio
715 1688 862 1730 sermone
875 1665 1024 1730 Lacaena

221 1752 290 1815 Iam
301 1754 387 1814 tacet
396 1755 429 1813 et
439 1752 565 1834 quaerit
574 1752 725 1815 iuuenem
737 1751 852 1834 quibus
864 1753 995 1834 appetat
1004 1749 1128 1814 ardens

221 1834 391 1899 Dictorum
405 1835 522 1899 uerbis.
552 1835 608 1899 sed
621 1838 733 1918 pastor
745 1835 886 1918 perfidus
900 1834 1018 1917 hospes

221 1918 268 1983 Ut
283 1921 383 1983 sensit
398 1919 530 2005 fragiles
545 1920 688 1983 mulieris
701 1924 831 2003 pectore
846 1940 972 2001 sensus,
1023 1993 1027 1998 ‚

218 2003 338 2087 Incipit
352 2004 468 2068 Iliacus
483 2027 551 2069 non
566 2026 630 2088 quo
647 2005 690 2067 sit
703 2004 861 2087 sanguine
877 2008 981 2067 cretus

156 2100 206 2147 510
216 2086 248 2150 N
250 2108 285 2150 00
301 2088 416 2169 quibus
432 2110 581 2152 excussus
599 2089 705 2152 uentis
720 2088 761 2151 ad
776 2088 871 2151 litora
885 2086 984 2170 Cypri

220 2169 355 2234 Uenerit
370 2172 474 2235 effari:
494 2172 639 2254 trepidus
653 2174 718 2235 iarn
733 2194 812 2236 uoee
827 2172 959 2235 remissa
976 2176 980 2182 “

190 2310 193 2315 .
219 2252 378 2338 Reginam
393 2255 543 2319 laudabat
558 2278 669 2319 amans
677 2305 685 2334 ,
702 2257 831 2339 culpare
845 2256 997 2319 maritum

220 2337 378 2422 Coeperat
393 2340 557 2403 absentem
572 2340 738 2424 quodiam
753 2340 968 2423 pulcherrima
984 2341 1109 2404 coniux

219 2425 250 2485 A
263 2423 372 2506 tepido
389 2424 514 2490 deserta
528 2425 599 2489 uiro
615 2425 764 2509 neglecta
777 2428 906 2488 uacaret

155 2518 204 2567 515
218 2506 316 2571 Sacra
329 2507 493 2572 Dionaeae
509 2510 619 2573 matris
635 2509 687 2573 uel
702 2509 822 2591 templa
836 2510 985 2591 petisset,

218 2590 408 2675 Adiungens
424 2593 468 2655 ‘si
482 2594 556 2657 telis
571 2594 634 2657 erit
648 2614 745 2676 quam
761 2593 846 2656 forte
860 2593 1008 2655 merebor

219 2673 376 2756 Uxorem,
392 2677 437 2739 sio
451 2677 569 2741 blanda
583 2679 675 2763 genis
690 2678 736 2741 sie
751 2699 806 2741 ore
820 2677 964 2740 modesto

219 2756 271 2823 Sic
286 2758 387 2822 oeulis
403 2765 516 2824 ornata
531 2762 596 2825 suis
611 2763 657 2825 sio
672 2761 806 2845 pulchra
821 2761 934 2824 decore

219 2842 361 2907 Candida
376 2844 422 2909 sie
436 2866 529 2908 roseo
543 2846 741 2928 perfundens
755 2846 899 2909 membra
912 2845 1030 2908 rubore

154 2939 204 2988 520
216 2926 268 2993 sie
283 2928 376 2991 flauis
392 2933 507 2993 ornata
522 2931 621 2994 cornis
637 2931 682 2994 sio
697 2930 827 3014 longior
841 2933 929 2993 artus

68 3046 99 3095 p,
112 3046 147 3097 59]
220 3012 264 3077 Et
277 3034 410 3095 procera
424 3035 539 3099 regens
554 3015 589 3077 in
603 3015 726 3098 poplite
740 3014 884 3078 membra
898 3015 1034 3078 uenuste
1038 3061 1048 3094 ,

217 3094 288 3159 Tali
303 3119 429 3182 semper
443 3119 503 3183 ego
524 3098 674 3183 dignatus
689 3099 826 3183 coniuge
841 3098 919 3161 felix

216 3178 293 3242 Non
308 3180 423 3265 desim,
442 3182 579 3246 famuler
593 3183 728 3266 supplex
744 3186 777 3246 et
790 3184 895 3245 iussus
911 3181 1057 3262 adorem,

220 3330 271 3378 490
288 3328 342 3379 11110
361 3348 441 3383 erran
460 3336 547 3385 oeulis
565 3352 633 3389 corr.
651 3336 668 3385 Ι
673 3336 707 3385 M
755 3337 805 3385 497
823 3336 929 3385 Laedei
978 3335 1030 3384 498
1047 3334 1125 3384 Ues·

153 3399 229 3445 serat
249 3409 318 3443 corr.
338 3397 413 3458 ΙΜΙ
435 3396 560 3451 Dionem.
595 3402 701 3451 Diones
726 3402 778 3451 IM
846 3406 894 3453 501
919 3402 996 3451 00101
1014 3416 1122 3465 propo-

152 3464 202 3511 suit
219 3461 314 3510 Bueclr.
379 3464 426 3512 511
447 3470 475 3513 01
494 3468 547 3517 fari
607 3470 657 3519 515
675 3468 721 3518 uel
738 3473 845 3533 tempta
860 3472 999 3534 proposuit
1016 3468 1122 3519 Bucoli-

153 3530 202 3579 516
222 3528 275 3577 0111
293 3544 360 3578 corr.
379 3544 414 3578 ex
432 3536 492 3581 erat
560 3536 609 3585 522
629 3536 716 3586 foelix
