2500 3917
515 222 734 272 vincae-cae
1067 223 1110 286 45

208 368 295 445 Quas
310 391 408 453 super
422 370 576 453 accipiter
589 372 731 435 uolitans
749 372 858 457 grauis
873 373 1020 437 imminet
1033 374 1109 437 ales.

207 452 299 517 Tunc
313 454 428 517 sollers
443 475 548 539 augur
562 461 667 519 cretus
682 456 721 519 de
736 460 833 540 gente
847 456 1000 540 Melampi

134 549 195 598 460
210 536 312 613 Quem
327 538 396 602 fors
411 537 452 602 ad
467 538 609 621 Cyprum
623 539 754 605 dederat
767 562 827 623 per
839 541 923 604 festa
935 540 1074 625 dicrum,

206 620 252 685 Et
266 622 312 685 sic
328 644 421 686 orsus
435 623 482 686 ait
494 646 708 706 prorumpens
723 646 802 689 uoce
817 627 939 709 sagaci:

208 704 271 769 ‘Te
288 706 433 770 oblatiua
445 711 562 789 petunt
575 709 685 772 auium
699 730 854 792 responsa
867 710 1052 774 uolantum:

210 787 394 854 Conubium
409 791 571 873 spondent
583 792 792 876 praefulgens
807 815 861 857 ore
877 794 992 858 decoro

206 873 328 937 Idaliae
342 875 507 956 uolucres,
525 876 563 940 de
578 881 675 961 gente
689 877 846 941 Tonantis
862 877 966 942 olores
995 934 1003 945 .

137 969 193 1019 465
207 957 407 1023 Promittunt
421 960 579 1043 genitam,
595 961 650 1024 scd
665 962 783 1025 miluus
798 961 930 1025 horrida
942 962 1019 1026 fata.

206 1040 294 1106 Ditis
310 1043 396 1106 enim
412 1044 558 1127 signatur
572 1046 656 1126 auis,
671 1046 748 1109 licet
761 1046 843 1110 hora
856 1051 986 1129 peracta

208 1126 320 1190 Tertia
335 1127 454 1210 quippe
469 1128 556 1191 sinat
569 1128 702 1193 Phoebo
717 1131 874 1194 candente
887 1131 1052 1195 uolucrem

146 1237 148 1243 ’
207 1208 296 1275 Uera
309 1232 368 1293 per
382 1211 575 1276 immensum
589 1215 757 1298 praesagia
770 1215 853 1278 ferre
868 1237 1026 1297 rapacem.

206 1294 345 1358 Martius
359 1296 513 1379 accipiter
527 1296 637 1361 dotem
649 1298 720 1361 fera
733 1298 818 1361 bella
832 1300 1003 1362 minatur’.

137 1389 194 1439 470
207 1379 300 1442 Tunc
315 1378 406 1443 Paris
422 1381 462 1444 ad
474 1381 598 1444 caelum
612 1382 747 1445 tendens
763 1404 835 1445 cnm
850 1384 971 1445 lumine
986 1383 1108 1465 palmas

206 1462 352 1530 Numina
365 1485 485 1549 magna
497 1469 593 1529 uocat
630 1487 742 1529 uerum
753 1471 952 1549 matremque
962 1466 1108 1531 Dionen:

208 1549 336 1611 ‘Aurea
350 1548 466 1611 siderei
480 1550 587 1631 proles
603 1488 714 1614 lienus
729 1551 815 1614 alma
828 1550 985 1615 Tonantis

209 1630 355 1695 Numina
368 1632 458 1696 mille
473 1639 603 1715 tenena,
619 1639 703 1698 artes
718 1636 770 1698 cui
783 1635 872 1698 mille
886 1636 1018 1699 sauendi

208 1715 276 1780 Dat
290 1721 381 1799 pater
396 1722 430 1780 et
442 1721 538 1781 natus
554 1719 683 1803 supplet
696 1720 807 1802 simul,
823 1720 934 1784 omina
945 1719 1040 1783 firma

134 1810 191 1859 475
206 1798 296 1873 Quae
311 1822 430 1884 cycnus
445 1802 601 1886 genitoris
616 1805 699 1887 agit,
714 1826 795 1886 quae
810 1809 918 1868 uestra
932 1804 1081 1867 columba
1112 1821 1143 1869 [a
1156 1818 1190 1865 5⁷]

206 1882 365 1948 Prodidit.
395 1886 555 1951 infaustos
571 1909 652 1970 opus
669 1892 718 1951 est
733 1888 882 1951 cohibere
897 1888 1039 1968 uolatus,

207 1967 323 2031 Martis
339 1973 372 2033 et
385 1970 506 2034 inferni
520 1971 669 2035 uolucres
683 1971 823 2054 raptoris
838 1972 980 2035 obuncas

205 2054 324 2136 Augur
338 2075 530 2118 auerrunces
545 2055 659 2137 sacris,
673 2056 790 2138 quibus
805 2056 942 2138 imperat
956 2059 1069 2119 auctor

207 2135 325 2201 Troius
340 2137 395 2201 ille
410 2160 491 2221 puer
506 2139 706 2222 Ganymedes
721 2141 869 2205 conditor
883 2140 961 2203 artis

135 2231 194 2280 480
205 2219 252 2283 Et
265 2219 375 2284 Polles
390 2223 442 2285 cui
455 2224 558 2305 pinna
571 2224 690 2306 loquax
705 2225 759 2288 dat
771 2246 866 2288 nosse
882 2224 1014 2287 futura.¹

207 2303 317 2368 Pauca
329 2310 478 2387 precatus
493 2311 563 2369 crat
576 2309 711 2389 supplex
726 2313 759 2371 et
772 2308 893 2390 templa
907 2308 1036 2370 subibat

209 2386 365 2453 Uestibus
380 2389 512 2453 indutus
527 2389 632 2473 Tyriis
648 2395 680 2454 et
694 2394 815 2454 murice
829 2392 930 2474 regni.

208 2470 389 2538 Uersieolor
400 2474 544 2556 chlamys
560 2475 631 2557 ipsa
642 2475 705 2538 fuit
715 2496 811 2557 quam
827 2497 970 2557 purpura
979 2473 1109 2559 fulgens

207 2555 412 2622 Flammabat
426 2558 542 2621 diffusa
557 2559 714 2640 humeris,
729 2559 812 2622 hanc
827 2558 927 2622 fibula
941 2558 1074 2622 mordax

139 2651 197 2700 486
207 2638 323 2725 lungit
336 2646 370 2705 et
384 2648 517 2707 ornatus
532 2643 643 2706 iuueni
657 2644 730 2725 plus
744 2642 894 2707 admouet
908 2665 1021 2706 aurum

210 2724 283 2797 Quo
298 2725 452 2791 distincta
465 2728 565 2791 micat
577 2728 707 2791 radians
724 2749 782 2810 per
796 2728 934 2790 stamina
949 2729 1056 2791 uestis.

211 2807 327 2873 Cetera
341 2812 437 2874 turba
451 2832 558 2875 comes
572 2812 715 2895 Phrygio
731 2812 893 2875 succincta
906 2810 1019 2874 decore

208 2891 380 2977 Fulgebat.
411 2895 544 2958 delubra
558 2900 671 2979 petens
686 2896 821 2959 intrauit
836 2895 876 2958 ad
890 2916 961 2957 aras

208 2975 327 3041 Pastor
341 2978 423 3042 etin
438 3000 506 3042 sese
522 2983 710 3043 cunctorum
725 2980 849 3043 lumina
863 2979 975 3042 uertit:

208 3234 261 3282 460
278 3236 333 3284 sine
352 3234 427 3284 dubio
440 3234 546 3283 Paridis
563 3237 711 3284 mentionem
728 3238 772 3299 qui
785 3236 888 3296 fecerat
904 3251 994 3285 uersus
1011 3236 1111 3284 excidit

135 3300 192 3350 463
212 3298 386 3359 connubium
446 3304 494 3350 471
514 3302 631 3351 Dionem
686 3304 738 3351 474
755 3304 847 3352 omnia
865 3319 933 3353 corr.
952 3302 1005 3351 IM
1058 3305 1110 3354 476

136 3368 270 3417 Proddit
293 3385 361 3420 corr.
379 3368 475 3417 Bueclr.
499 3386 529 3418 m.
549 3370 586 3417 rt.
664 3370 715 3419 478
738 3369 832 3434 Augur
854 3372 1016 3420 aberrantes
1039 3386 1108 3419 corr.

136 3434 240 3486 Bueclr.
316 3437 366 3485 479
390 3436 546 3499 ganimedes
619 3438 670 3487 483
692 3438 778 3486 Persa
802 3436 897 3486 clamis
920 3453 989 3486 corr.
1011 3435 1109 3485 Bueelr.

139 3518 174 3551 m.
191 3502 234 3551 rlr.
292 3504 344 3554 485
362 3503 490 3553 admonet
509 3501 589 3553 auriti
606 3519 675 3554 corr.
694 3505 713 3553 I
715 3504 748 3552 M
804 3507 854 3554 486
873 3504 951 3564 Quod
969 3518 1037 3551 corr.
1055 3502 1112 3550 IM
