2500 3917
494 229 536 279 rx·
554 232 688 281 lae-194
1033 231 1074 296 57

173 376 209 444 Si
223 400 288 462 qua
302 378 409 442 iacent
423 378 567 462 dispersa
581 380 659 445 solis
674 382 820 445 ostendet
835 384 867 445 et
882 383 976 446 ambo

103 474 159 525 165
175 462 335 528 Carnibus
349 460 519 527 Hectoreis
535 464 677 561 defigent
692 465 801 529 oscula
814 465 938 548 flentes,

174 546 238 612 Ore
254 551 424 611 cruentato
438 568 575 630 puerum
590 549 686 612 simul
701 549 796 613 ambo
811 550 993 613 monebunt

174 631 295 697 Oscula
308 630 364 695 det
377 632 544 696 membris:
561 632 695 697 ε1111101
710 634 902 717 ubicumque
917 634 1032 699 iacere'

171 715 270 780 Dicet
283 736 365 779 auus
379 737 479 798 puero
496 720 600 798 ‘pater
614 720 664 781 est
678 738 759 801 quos
774 718 892 781 uideris
908 721 1018 782 artus’.

174 800 319 864 Motibus
333 798 386 862 his
400 800 427 863 si
442 800 534 864 nulla
548 802 640 864 uenit
653 802 783 885 pietatis
797 802 862 865 ima
886 824 915 879 o,
935 814 937 819 ’

104 896 162 945 170
176 885 295 967 Aspice
311 883 388 967 quid
402 883 525 947 faciant
539 886 657 949 coniux
671 888 763 969 pater
777 822 910 949 Hecuira
924 889 1020 951 natus

173 968 219 1032 Et
232 968 421 1051 pudibunda
435 989 536 1033 soror.
558 968 706 1033 Priamus
720 970 804 1035 iacet
819 971 928 1035 oscula
942 970 1063 1053 plantis

173 1052 245 1116 Rex
259 1052 369 1116 senior
382 1051 462 1115 dans
476 1052 546 1135 ipse
560 1054 626 1117 tuis
640 1074 700 1117 nec
714 1057 808 1137 turpe
822 1055 958 1138 putabat

176 1134 270 1211 Quod
284 1136 439 1199 miserum
452 1136 585 1201 fortuna
599 1138 698 1202 iubet.
725 1137 803 1201 hinc
817 1138 910 1223 uirgo
926 1137 1042 1221 pudica

175 1223 375 1303 Astyanacta
384 1224 503 1284 tenens
518 1244 655 1303 paruum
670 1244 766 1305 super
780 1222 922 1289 Hectora
938 1222 1032 1305 ponit

104 1316 161 1366 175
176 1304 222 1369 Et
236 1326 371 1388 puerum
387 1304 503 1368 deflere
519 1305 621 1387 docet,
638 1306 692 1369 sed
706 1306 859 1388 paruulus
875 1310 967 1390 optat

173 1389 226 1453 Ire
241 1410 302 1452 nec
317 1388 451 1453 extincti
466 1391 635 1474 cognoscit
648 1390 763 1453 funera
777 1391 888 1471 patris,

173 1472 250 1537 Heu
264 1472 496 1537 lacerum-nam
508 1494 624 1557 corpus
638 1477 715 1555 erat,
732 1472 818 1556 quod
833 1476 936 1537 mater
950 1478 983 1537 et
997 1496 1079 1538 uxor

176 1556 372 1639 Complexae
387 1578 445 1639 per
460 1558 544 1621 colla
557 1561 671 1621 tenent
686 1560 718 1621 et
732 1557 867 1621 uulnera
881 1556 958 1621 ferri

174 1640 239 1705 Per
253 1640 377 1705 laceros
392 1645 480 1705 artus
495 1662 652 1725 generoso
667 1641 703 1705 in
719 1663 852 1725 corpore
867 1645 1035 1724 quaerunt.

107 1737 163 1787 180
178 1722 242 1789 Sed
257 1724 335 1808 quid
349 1724 444 1789 dorsa
458 1725 521 1789 uiri
535 1725 694 1809 palpant?
715 1724 834 1791 iniuria
849 1729 976 1790 constat
1245 1794 1246 1797 Ἴ

174 1807 379 1892 Magnanimi
393 1809 537 1873 iuuenis:
549 1810 682 1895 plagam
697 1831 760 1892 qua
776 1810 917 1877 concidit
931 1809 1053 1874 Hector
1085 1831 1116 1879 [1.
1131 1828 1165 1879 rs]
1245 1840 1246 1843 κ

173 1892 220 1956 Et
232 1892 354 1956 uulnus
368 1893 396 1955 si
409 1914 504 1957 nosse
519 1894 635 1977 placet,
650 1897 775 1957 uersate
790 1894 941 1977 supinum
1245 1914 1246 1921 ¹

176 1975 303 2059 Corpus
318 1980 352 2041 et
365 1978 462 2041 occisi
476 1981 655 2042 tractentur
669 1982 802 2061 pectora
815 1978 909 2060 regis.

172 2060 351 2125 Inuenient
364 2083 489 2146 ungues
504 2066 626 2145 quanto
641 2061 806 2125 descendit
819 2061 910 2125 hiatu

105 2157 158 2207 185
174 2144 280 2209 Hasta
294 2147 412 2227 potens
427 2150 647 2228 quantumque
663 2144 750 2208 dedit
764 2145 932 2208 uulcanius
947 2144 1042 2208 ensis,

176 2228 265 2293 Nam
279 2227 366 2312 quod
380 2233 474 2313 terga
487 2228 604 2305 ferunt,
619 2228 682 2293 hoc
698 2248 809 2293 currus
823 2228 902 2293 fecit
916 2228 1053 2293 Achillis

172 2311 263 2376 Dum
278 2311 380 2376 trahit
395 2313 528 2376 extincti
542 2313 669 2376 iuuenis
683 2334 742 2395 per
756 2316 833 2376 saxa
848 2313 993 2394 cadauer,

175 2396 222 2459 Et
237 2395 369 2459 domino
384 2397 449 2459 iam
465 2396 582 2460 damna
595 2400 712 2479 parant
727 2395 766 2459 de
780 2396 892 2459 funere
907 2399 1020 2459 tracto.

175 2479 320 2543 Hectora
334 2480 488 2545 mirantes
502 2480 575 2564 plus
589 2484 622 2544 te
637 2479 814 2560 laudamus,
829 2478 982 2561 Achilles,
1104 2572 1108 2578 Δ

104 2576 161 2625 190
178 2565 211 2627 Α
225 2585 290 2647 quo
305 2564 412 2628 uictus
427 2564 511 2629 obit:
526 2566 624 2628 finem
640 2563 689 2646 da,
704 2585 756 2627 ma
805 2584 832 2644 e,
848 2562 953 2626 dolori

173 2647 220 2711 Et
234 2652 309 2731 post
323 2648 501 2725 uindictam
515 2648 645 2712 ueniam
660 2668 757 2711 conce
780 2668 797 2710 e
813 2650 980 2729 perempto

175 2732 239 2806 Qui
253 2753 376 2815 poenas
389 2732 426 2795 in
440 2732 511 2795 luce
527 2732 622 2796 dedit.
658 2732 723 2795 iam
737 2731 861 2815 respice
875 2732 963 2795 mitis

175 2818 377 2899 Astyanacta
391 2815 512 2898 uidene,
527 2815 646 2899 Pyrrhi
660 2815 809 2896 succedat
822 2816 931 2900 imago

175 2901 264 2964 Ante
280 2901 391 2964 oculos
406 2900 524 2963 dilecta
536 2901 606 2983 tibi,
621 2900 807 2984 Priamique
822 2903 968 2965 senectus

183 3105 232 3153 164
248 3105 352 3154 sororis
372 3104 439 3153 solis
454 3107 531 3168 posui
541 3107 659 3155 temerius
667 3107 783 3167 sortasse
795 3120 868 3169 quam
879 3104 975 3154 roetico
1031 3106 1081 3155 166

102 3169 237 3235 defigunt
258 3188 327 3221 corr.
350 3171 447 3221 Buecle.
525 3174 573 3222 166
586 3173 747 3223 manebant
768 3187 836 3223 corr.
859 3171 956 3221 Bueet.
1033 3174 1081 3225 169

101 3236 245 3288 Mortibus
263 3254 334 3290 corr.
352 3238 449 3288 Buect.
504 3242 551 3290 170
570 3239 657 3290 ecuba
714 3240 763 3288 174
779 3254 885 3303 ponens
903 3255 972 3294 corr.
983 3238 1080 3295 Buect,

141 3306 197 3355 176
214 3304 331 3355 humera
417 3307 467 3357 184
486 3306 617 3356 descendi
640 3304 718 3371 (corr.
736 3322 771 3355 ex
798 3306 934 3372 discendi)
958 3308 992 3370 cf.
1012 3306 1081 3361 Stat.

105 3372 192 3423 ssed.
215 3371 271 3422 XII
298 3375 349 3423 340
426 3375 474 3424 186
502 3374 637 3424 dederunt
661 3371 801 3437 {Achillis
827 3390 897 3425 corr.
925 3392 961 3426 ex
988 3373 1081 3425 Achil·

101 3438 147 3491 les
222 3440 399 3493 1871111111
417 3456 486 3491 corr.
504 3457 540 3491 ea·
556 3441 669 3491 iuuenis
738 3440 990 3507 193Astianaeta1
1011 3442 1082 3493 malis

100 3508 211 3573 uigens
281 3508 331 3558 184
349 3508 461 3560 delecta
