2500 3917
499 220 554 271 Vll
571 223 673 273 30—88

162 370 279 455 Iungit
293 370 477 434 amoriferis
490 392 549 453 per
561 370 646 435 festa
659 370 781 455 iugalia
794 371 919 456 palmis,

164 452 259 519 Cana
273 455 352 519 fides
367 455 534 538 pietasque
548 455 664 539 iugent
678 459 711 519 et
725 459 813 520 casta
826 456 986 540 uoluptas,

111 550 148 599 60
166 538 311 603 Brachia
325 540 551 623 constringant
566 541 685 604 celeres
699 540 808 603 uisura
821 544 966 637 nepotes,

164 622 325 688 Pronuba
339 622 423 687 Iuno
438 624 530 688 uenit
543 623 683 688 fecunda
696 627 782 688 sorte
797 629 952 689 maritans

161 707 330 792 Lanigera
345 708 520 773 comitante
536 708 595 772 dea
608 730 668 792 per
681 711 760 772 uota
773 708 930 791 Minerua,

166 791 418 876 Concordesque
433 792 530 857 simul
546 793 709 859 celebrent
722 793 778 875 pia
791 814 881 857 sacra
894 793 1030 857 Dionae.

164 876 237 941 Ista
251 880 371 941 canant
385 878 534 960 iuuenes,
550 877 612 942 hoc
626 881 760 941 cantent
774 898 904 942 carmen
917 877 1046 941 adultae

111 973 147 1022 65
164 960 213 1025 Et
228 960 365 1044 simplex
380 964 468 1025 aetas
482 962 576 1044 pueri
591 964 785 1045 teneraeque
798 962 935 1045 puellae,

164 1044 315 1110 Cantitet
329 1044 391 1109 hoc
406 1050 578 1110 ueteranus
593 1068 700 1130 amor,
717 1047 894 1111 reuerenda
908 1049 1054 1111 senectus

166 1128 304 1194 Cantet:
320 1133 446 1193 amator
460 1130 522 1195 erit
536 1131 592 1213 qui
606 1153 676 1195 non
690 1131 828 1195 cantauit
843 1152 977 1215 amores,

166 1212 285 1278 Nescit
300 1214 386 1277 enim
401 1215 532 1278 senibus
547 1216 676 1279 ueniam
692 1216 812 1279 donare
827 1214 961 1298 Cupido.

169 1301 237 1362 Ast
252 1318 312 1382 ego
328 1298 384 1382 qui
398 1320 524 1382 nequeo
540 1303 653 1383 captus
668 1322 739 1363 mea
753 1299 876 1382 plectra
889 1319 1020 1363 mouere

111 1396 148 1444 70
165 1382 320 1447 Carmine
335 1383 489 1465 sollicit0,
506 1382 661 1447 dederant
675 1385 751 1468 quia
765 1384 908 1447 carmina
923 1382 1038 1465 aledea,

166 1467 216 1533 Ec
229 1467 326 1531 modo
342 1468 387 1530 sic
402 1468 527 1550 positus
543 1466 720 1551 Cythereae
735 1468 882 1532 cantibus
896 1468 1012 1531 absens

170 1550 339 1617 Sollicitus
352 1552 489 1634 pauidus
510 1554 699 1617 temerarius
714 1553 829 1617 anxius
850 1551 964 1634 audax,

169 1634 220 1699 Ut
234 1638 328 1699 uacat
342 1636 496 1719 expositis
511 1641 586 1719 post
599 1637 724 1719 proelia
737 1637 830 1701 miles
844 1637 884 1700 ab
899 1635 997 1700 armis

171 1718 309 1785 Saucius
324 1722 420 1804 atque
431 1741 563 1805 gemens
575 1743 640 1805 quo
655 1720 808 1805 languida
819 1721 955 1785 uulnera
967 1721 1075 1784 curet:

116 1817 152 1865 75
170 1802 316 1868 Classica
330 1804 358 1867 si
372 1806 487 1869 subitis
501 1806 621 1870 feriant
635 1806 841 1890 clangoribus
856 1826 958 1887 aures,

169 1888 204 1953 It
218 1888 326 1970 dolor,
342 1889 391 1952 ira
405 1890 503 1971 redit,
522 1911 579 1953 ceu
595 1892 660 1953 iam
674 1892 718 1954 sit
730 1890 829 1974 plaga
842 1888 983 1969 cicatrix,

170 1971 332 2037 Redditur
346 1976 379 2037 et
393 1974 516 2037 saniem
531 1974 616 2038 sistit
630 1976 722 2037 furor
736 1994 825 2036 arma
839 1992 1018 2055 reposcens,

172 2056 230 2120 Fit
243 2057 402 2120 medicina
416 2057 523 2140 furor,
538 2058 630 2121 furor
644 2061 694 2122 est
707 2078 772 2121 uox
786 2061 906 2121 tessera
919 2055 1034 2119 Martis

173 2140 220 2205 Et
235 2141 311 2205 dere
326 2141 393 2207 iam
406 2142 557 2205 membris
573 2141 651 2205 dicit
664 2143 743 2206 tuba
757 2163 854 2205 rauca
874 2142 1019 2205 sulutem.

121 2240 158 2289 80
173 2228 244 2289 Ant
258 2226 350 2288 uelut
364 2247 437 2289 acer
452 2226 552 2309 equus
568 2227 644 2289 circi
658 2228 736 2311 iuga
749 2227 833 2290 ferre
849 2226 980 2307 dicatus,

175 2310 291 2378 Orbita
306 2310 480 2392 cornipedo
496 2310 641 2394 sequitur
655 2332 751 2393 quem
765 2310 862 2374 ducta
873 2310 995 2390 uolatu,
1088 2326 1117 2380 [p.
1132 2322 1165 2373 2⁹1

173 2393 210 2459 Si
225 2393 328 2457 fretus
342 2395 475 2477 propria
489 2394 621 2459 leuitate
636 2395 758 2458 fauoris
772 2393 921 2458 alumnus

174 2478 254 2542 Plus
271 2481 324 2543 eat
337 2479 373 2541 in
387 2477 497 2541 frenos
513 2483 545 2542 et
561 2480 706 2543 concitus
721 2499 779 2541 axe
795 2497 912 2541 sonoro

175 2562 326 2626 Pulueris
341 2562 377 2625 in
391 2564 511 2627 nubem
525 2563 658 2626 radietis
673 2562 805 2626 orbibus
819 2564 907 2624 actas

123 2660 159 2707 85
174 2648 326 2729 Accipiat
339 2650 415 2729 post
429 2667 522 2710 crura
536 2651 623 2712 rotas
639 2651 671 2711 et
685 2649 814 2711 corruat
827 2646 919 2727 ictus,

176 2730 256 2795 Mox
271 2730 414 2794 studium
429 2730 517 2795 calor
532 2732 636 2796 omnis
651 2731 719 2795 abit
732 2731 909 2816 plangente
924 2728 1035 2792 dolore

175 2814 325 2879 Aduersa
338 2814 513 2897 plaudente
528 2837 625 2879 manu
641 2815 839 2898 stabulisque
852 2815 1005 2877 refertur:

175 2898 336 2963 Hinnitus
351 2900 378 2962 si
393 2899 478 2964 forte
494 2904 610 2964 sonent
624 2902 840 2984 strepitusque
853 2903 997 2963 rotarum

180 3036 216 3085 59
234 3036 351 3099 iungant
414 3036 444 3085 61
464 3036 586 3086 secunda
604 3039 781 3087 cornBueclr.
850 3039 882 3087 63
899 3034 988 3083 Dione
1049 3034 1082 3085 66

110 3102 422 3154 Centaureusque
475 3105 507 3153 69
519 3120 608 3169 neque
621 3105 676 3153 hoc
689 3113 771 3170 aptus
782 3103 952 3160 coruBuect.
968 3101 972 3165 Ι
988 3101 1082 3166 plecta

145 3172 179 3220 71
201 3170 335 3235 cytherea
387 3174 419 3221 72
439 3172 549 3221 tabidus
601 3176 634 3223 73
652 3175 689 3223 Et
706 3182 790 3225 uacat
847 3173 879 3221 76
896 3167 932 3235 si]
951 3170 995 3219 hie
1013 3186 1082 3221 corr.

108 3238 213 3288 Bueck.
283 3240 314 3289 77
333 3239 451 3289 Reditur
468 3254 535 3289 corr.
555 3238 650 3293 Bacch.
721 3246 753 3293 78
772 3249 883 3295 tessara
948 3240 980 3288 79
999 3237 1083 3290 discit

108 3322 183 3357 corr.
201 3304 300 3357 Bueclr.
370 3309 403 3357 82
426 3305 572 3355 uoluntate
593 3324 662 3360 corr.
684 3308 782 3362 Bueck.
856 3312 890 3361 84
912 3306 1037 3359 radiatus

108 3374 144 3424 85
169 3388 276 3423 cornua
294 3390 375 3438 supra
395 3374 469 3421 ictus
487 3374 560 3424 uerbi
576 3378 666 3425 literas
683 3382 831 3430 nouissimus
848 3380 1010 3441 corruptelae
1032 3378 1083 3439 sip-

109 3458 183 3503 num,
208 3443 236 3489 in
254 3444 306 3505 fine
329 3456 419 3492 aerato
442 3447 467 3507 qt
486 3444 595 3505 positum
617 3450 655 3491 est
741 3448 775 3497 86
798 3445 875 3496 dolor
892 3446 980 3494 omnis
998 3442 1084 3489 habet

108 3524 183 3560 corr.
208 3508 302 3560 Buecb.
372 3511 404 3560 87
423 3504 581 3565 Aduerso‘
