2500 3917
461 223 530 274 VIII
548 224 683 274 173-234
1015 217 1055 281 37

153 376 258 451 Quem
275 373 393 441 Clotho
411 395 506 458 quem
521 372 672 437 Lachesis
693 392 787 453 quem
803 369 947 466 uindicat
961 370 1057 432 Atro-

825 475 861 518 os
934 474 1000 516 ens.

154 544 300 609 Scindite
317 541 445 629 pellitos
459 541 556 604 niueo
572 539 610 603 de
625 543 755 623 pectore
772 474 934 621 11111111,118

81 643 137 691 205
151 628 278 692 Murice
293 647 425 691 serrano
441 624 578 689 rutilans
592 624 679 687 hunc
694 645 837 707 purpura
852 622 946 686 uelet.

150 712 185 777 N
187 733 223 776 ec
236 711 358 796 pudeat
373 710 459 794 quod
473 709 565 791 pauit
579 730 672 773 oues:
695 728 754 791 ego
770 711 880 790 pastor
894 704 1014 789 Apollo

151 796 227 879 Ipse
244 795 293 859 fui
308 794 519 877 domibusque
534 814 653 856 canens
667 813 765 875 pecus
781 813 875 855 omne
891 790 998 875 coegi,

156 880 239 945 (lum
254 878 369 963 procul
384 901 404 942 a
417 877 497 942 uilla
510 877 671 941 fumantia
684 880 770 940 tecta
783 875 941 957 uiderem,

155 965 323 1028 Alcestam
338 963 397 1027 sub
411 966 508 1026 noete
522 983 645 1045 pauens
660 961 737 1024 deus
752 960 852 1024 ubera
865 960 982 1043 pressi,

83 1062 141 1111 210
154 1048 313 1113 Admetus
326 1048 486 1111 intrantes
501 1046 620 1110 haedos
635 1045 825 1109 numerabat
840 1047 906 1107 011
954 1046 1018 1107 os.'

153 1132 292 1197 Dixerat
307 1137 340 1196 et
353 1131 523 1196 Phoebum
537 1129 684 1193 Priamus
700 1129 875 1193 submissus
891 1150 910 1191 a
932 1130 1004 1192 0111

152 1216 200 1281 Et
213 1220 322 1301 grates
337 1237 467 1280 securus
483 1214 565 1299 agit,
580 1217 666 1277 11011
681 1214 822 1296 optimus
836 1211 966 1277 Hector.

153 1301 226 1366 Iam
241 1320 343 1385 regno
358 1322 427 1364 non
441 1300 547 1381 impar
561 1301 644 1379 erat,
660 1298 715 1361 sed
730 1301 856 1380 sceptra
870 1298 986 1361 tiaram

153 1385 333 1468 Imperium
348 1384 475 1449 trabeas
490 1384 555 1447 iam
569 1386 644 1465 post
658 1382 793 1446 caeleste
808 1382 952 1446 tribunal

84 1482 138 1531 215
156 1468 278 1533 Totum
292 1468 358 1533 uile
373 1471 482 1551 putat,
498 1468 599 1531 sclam
615 1466 705 1548 cupit
718 1464 833 1529 addere
847 1466 966 1529 famam

157 1552 320 1617 Maiorum
336 1553 456 1635 titulis,
472 1552 601 1615 uiuaces
617 1572 769 1633 quaerere
784 1549 908 1631 laudes,

156 1636 203 1701 Ut
219 1638 302 1701 celet
340 1638 405 1701 uod
419 1638 531 1719 pastor
549 1639 625 1699 erat.
656 1634 711 1710 uix
725 1634 852 1698 uiderat
865 1634 972 1697 aulam

153 1720 269 1805 Regis,
286 1660 443 1786 etqlliacas
459 1720 585 1802 quaerit
598 1740 656 1800 per
670 1717 767 1783 litora
781 1739 920 1801 puppes,

154 1808 323 1889 Aegaeum
337 1806 462 1869 sulcare
477 1802 597 1866 fretum
611 1803 676 1867 iam
690 1806 798 1866 mente
812 1803 955 1886 parabat.

86 1887 207 1954 110811
222 1894 316 1973 pater
330 1887 515 1971 adloquitur
529 1887 680 1950 iuuenem
695 1908 842 1950 sermone
856 1885 1014 1950 uerendo:

155 1972 259 2038 ‘Nate
274 1973 374 2037 redux
388 1972 518 2056 pietatis
533 1993 637 2053 amor,
653 1971 757 2034 bonus
773 1970 892 2035 arbiter
906 1970 996 2053 Idae,

153 2057 217 2121 Dic
231 2058 289 2122 ubi
304 2060 353 2121 uis
369 2077 492 2121 armare
507 2059 608 2138 rates,
624 2054 680 2118 uhi
695 2055 826 2119 carbasa
839 2053 953 2119 tendis.
1063 2063 1142 2113 [141]

152 2140 324 2225 Nusquam
338 2142 424 2206 bella
437 2161 532 2224 paro,
548 2159 685 2225 reguum
701 2140 759 2203 sub
775 2160 854 2223 pace
869 2140 1025 2224 guberno.

154 2224 219 2289 sed
234 2226 262 2289 si
276 2228 390 2309 torpor
404 2226 490 2289 iners
504 2226 609 2308 pudor
624 2228 673 2288 est
687 2228 720 2287 et
734 2227 828 2307 turpe
843 2245 958 2287 uacare

88 2321 138 2369 225
153 2310 283 2391 Credis,
299 2309 497 2391 Alexander,
513 2312 598 2373 certe
612 2308 739 2392 legatus
754 2308 881 2392 adeste,

152 2392 198 2457 Et
209 2392 386 2458 Telamona
397 2392 510 2457 ducem
525 2397 722 2457 conuentum
735 2413 870 2475 exposce
885 2413 1029 2455 sororem

151 2476 321 2541 Hesionen
336 2499 426 2561 mox,
442 2479 533 2560 nate',
549 2498 669 2540 meam:
694 2477 823 2560 captiua
836 2479 965 2539 tenetur

152 2560 208 2624 Me
222 2583 258 2625 re
282 2565 380 2625 nante
396 2583 496 2625 soror.
526 2562 602 2625 dum
617 2560 737 2625 Dorica
751 2580 852 2645 regna
865 2580 1017 2645 peragras

151 2644 221 2709 Dat
269 2668 349 2710 enus
364 2667 512 2729 uxorem,
528 2645 626 2709 faciet
639 2648 673 2708 11
687 2644 770 2709 Iuno
785 2645 962 2709 maritum?

88 2741 139 2790 230
150 2729 246 2793 Tunc
261 2730 388 2794 iuuenis
404 2730 534 2815 gauisus
548 2731 608 2793 alt:
632 2736 797 2812 ‘paremus
813 2733 948 2795 ouantes
954 2780 963 2812 ,

152 2812 284 2897 Optime
297 2814 526 2899 Troiugenum,
541 2813 624 2877 nihil
637 2814 780 2898 estquod
790 2816 877 2878 iussa
887 2818 1053 2878 recusem?
1065 2894 1068 2897 ἦ

151 2897 307 2962 Laetatus
323 2900 431 2963 senior
445 2897 502 2961 tali
519 2896 737 2962 moderamine
751 2900 822 2962 nati

152 2980 295 3046 Effatur:
319 2985 392 3045 ‘tua
406 2986 499 3064 uota,
514 2981 621 3064 Paris,
639 2981 671 3045 di
685 2983 771 3046 iusta
785 2983 974 3058 secundent,

149 3064 224 3129 Hoc
238 3069 367 3131 tantum
383 3066 518 3150 supplex
532 3066 662 3151 genitor
675 3088 747 3149 rex,
762 3070 854 3148 nate,
868 3069 1033 3149 precatur:

154 3234 477 3301 2030101011101111111
534 3239 583 3288 205
602 3238 727 3288 rutulans
745 3255 812 3288 corr.
833 3238 882 3288 IM
938 3239 988 3288 207
1006 3253 1054 3286 01·

84 3317 148 3353 rens
167 3304 221 3354 IM
305 3307 355 3357 209
377 3305 503 3355 alcestes
527 3305 577 3355 IM
596 3308 750 3371 ineptissime
835 3308 885 3355 212
906 3311 967 3369 post
988 3306 1054 3355 bunc

84 3386 185 3422 uersum
200 3373 267 3436 sort.
285 3375 406 3424 nonnulla
424 3374 574 3423 exciderunt
643 3377 692 3425 217
716 3374 776 3425 0111
794 3390 863 3425 corr.
889 3373 938 3422 IM
1003 3373 1053 3421 222

81 3438 177 3489 licebat
196 3454 246 3489 our
298 3440 440 3492 22311110
460 3457 528 3494 corr.
548 3441 597 3491 IM
647 3443 697 3491 226
715 3442 855 3493 talamona
872 3438 1053 3503 iconuentam

82 3506 271 3560 0011311011.
343 3508 545 3559 2271111011111
614 3510 664 3559 229
682 3511 782 3560 teuno
850 3511 900 3561 232
917 3507 1053 3555 Laetatur
