2500 3917
216 248 256 312 18
556 248 840 301 555555555555

278 398 386 462 Instar
400 397 522 461 habent
534 397 645 461 hostes
661 418 742 479 quos
757 398 880 461 sanctio
894 397 986 461 nulla
1000 404 1138 482 coercet,

280 482 482 547 Condemnat
496 480 583 545 solus
598 481 708 544 ciuilia
721 482 793 545 iura
806 485 973 565 tyrannus.

216 579 265 627 235
280 566 399 631 Nonne
412 564 642 648 triumphantis
656 565 762 649 legem
777 563 805 629 si
819 565 904 630 forte
919 568 1076 649 superbus

279 650 451 714 Temneret
466 653 523 713 aut
536 649 630 732 parui
645 649 789 731 pendens
804 649 987 733 quicunque
998 654 1139 736 putaret,

280 734 461 818 sacrilegus
476 736 651 797 temerator
664 734 751 797 iners
766 734 916 799 inimicus
930 738 963 798 et
977 734 1081 799 hostis

279 818 431 883 Publicus
446 818 501 881 illc
516 818 610 898 foret,
627 818 736 902 legum
751 822 875 882 secreta
887 819 1030 882 tribunal
1101 821 1104 827 ’

278 902 347 967 Iam
354 906 501 986 quateret
512 902 648 984 strepitu
659 902 795 984 iuuenis,
801 902 875 967 fora
883 908 1181 990 nostracrcparent,

215 999 266 1048 240
280 987 354 1070 Ipse
370 986 533 1050 cicatrices
548 987 705 1050 subducta
718 986 826 1053 fronte
841 992 985 1051 recentes

278 1071 424 1135 Pectoris
440 1069 547 1133 effossi
562 1070 684 1153 populo
698 1074 894 1135 monstraret
908 1077 941 1135 et
953 1073 1024 1136 urbi

279 1153 436 1218 ‘Uirtutis
448 1154 552 1218 laesae
568 1154 677 1237 grauis
692 1159 740 1219 cst
754 1154 874 1219 iniuria
888 1155 1003 1220 Marti'

279 1238 439 1303 Clamarct
453 1260 512 1321 per
526 1239 648 1321 templa
662 1238 750 1302 Iouis
763 1260 823 1322 per
836 1241 958 1324 templa
972 1240 1151 1325 Mineruae,

279 1322 401 1387 ‘Nemo
418 1324 518 1387 aciem
531 1324 654 1404 subeat,
669 1323 778 1387 nullus
788 1329 978 1408 prorumpat
990 1326 1027 1389 in
1039 1326 1177 1391 hostem’

214 1419 263 1468 545
278 1406 425 1489 Diceret,
441 1407 654 1471 infremerent
668 1429 780 1471 omnes
794 1429 860 1472 uno
876 1411 1004 1494 agmine
1021 1412 1133 1475 ciues?

277 1492 442 1575 Pauperis,
458 1514 477 1555 o
492 1512 651 1574 precarer,
666 1492 855 1575 languentia
870 1494 954 1557 colla
967 1494 1082 1559 sinetis

278 1575 444 1639 Carnificis
459 1578 610 1638 truncare
625 1576 781 1639 manum?
803 1598 871 1641 non
886 1600 975 1641 arma
989 1581 1149 1663 tubasque

277 1659 406 1723 Tollitis
429 1662 463 1721 et
477 1659 589 1723 saltem
605 1659 715 1723 ciuilia
728 1661 813 1725 bella
827 1662 989 1726 monetis?

124 1756 154 1811 tp.
168 1759 200 1811 19]
279 1741 363 1816 Quid
377 1743 467 1826 plebs
482 1746 594 1807 nostra
608 1745 718 1807 taces?
741 1744 830 1810 diues
843 1746 1043 1829 praeiudicat
1056 1748 1132 1811 urbi

213 1838 263 1887 555
279 1826 324 1890 Et
337 1828 458 1910 pariter
472 1831 529 1893 tua
543 1828 614 1890 iura
628 1832 737 1912 negat,
752 1831 961 1913 praescriptio
977 1832 1083 1915 surgit

277 1908 365 1985 Quae
380 1911 501 1994 populo
518 1913 619 1975 uitam
635 1912 881 1997 libertatemque
894 1916 1036 1999 negabit,

275 1993 353 2058 Non
368 1996 512 2079 gemitis,
527 2018 596 2060 non
612 1997 696 2060 fletis
710 1996 831 2080 adhuc,
846 2020 915 2062 non
929 2021 1019 2062 arma
1033 1999 1179 2082 paratis?

275 2078 394 2141 Laudis
410 2079 471 2141 erit
484 2076 590 2143 fateor
603 2102 663 2162 pro
679 2081 828 2145 libertate
842 2083 962 2166 perire:

275 2160 360 2224 Nam
374 2183 433 2243 pro
450 2160 607 2246 Uerginia
621 2185 695 2226 curn
732 2165 800 2229 lebs
815 2168 940 2230 arderet
953 2168 988 2229 in
1004 2167 1053 2229 ira

211 2255 262 2303 255
278 2242 400 2307 Montis
415 2246 574 2309 Auentini
587 2249 695 2311 tenuit
709 2186 857 2313 itomana
871 2272 1034 2333 cacumen,

276 2326 357 2391 (lum
372 2333 465 2411 pater
479 2331 641 2415 egregiam
656 2335 833 2415 prostrauit
846 2338 950 2399 morte
964 2335 1110 2418 puellam

273 2410 446 2494 impietate
461 2416 543 2497 pius,
558 2437 600 2479 ne
616 2415 768 2481 Claudius
783 2423 866 2482 esset
880 2418 1015 2482 adulter.

274 2494 343 2559 Nec
356 2499 496 2580 populus
511 2500 594 2563 liber
610 2504 703 2584 capto
717 2502 755 2565 de
770 2507 880 2566 monte
895 2504 1023 2585 rediret,

274 2577 370 2643 Plebs
385 2583 449 2645 nisi
464 2586 652 2666 sumpsisset
666 2608 738 2649 curn
753 2586 900 2650 libertate
914 2587 1128 2671 triumphum.

183 2782 190 2795 ·
211 2720 262 2769 260
278 2707 437 2797 Uidimus,
454 2738 472 2780 0
488 2718 583 2801 ciues,
598 2720 754 2803 fugientis
768 2722 918 2804 pauperis
934 2744 991 2786 ora

113 2799 115 2803 '
276 2792 358 2890 Cum
373 2800 520 2864 manibus
536 2804 712 2885 quaesisset
727 2826 822 2887 opem
836 2806 905 2869 sine
921 2828 1000 2870 uoce
1019 2808 1178 2892 rogantis.

272 2873 438 2975 anirnus:
454 2884 557 2951 hostis
572 2887 670 2952 adest.
702 2888 812 2952 ueniat
826 2890 877 2953 uir
891 2890 985 2954 fortis
1001 2895 1035 2955 et
1049 2891 1136 2955 adsit

272 2959 371 3058 Ou1us
387 2967 481 3052 inops
497 2970 668 3036 simulacra
683 2977 780 3049 tenet,
797 2974 848 3036 cui
864 2995 957 3037 crura
971 2974 1101 3039 lacertis

271 3042 383 3113 Omxit
398 3055 431 3116 et
445 3054 485 3118 ad
498 3055 625 3138 plantas
640 3061 820 3140 prostratus
834 3058 963 3142 plangit
978 3079 1101 3143 egenus

206 3134 256 3181 265
272 3124 471 3217 Belligerum
494 3161 551 3205 ceu
572 3162 694 3205 numen
717 3140 848 3205 habens.
882 3141 958 3289 dulqn
977 3165 1103 3225 pronus
1125 3144 1182 3207 ad·

941 3230 1039 3310 aeret,

272 3374 323 3427 233
347 3392 460 3440 conicias
481 3394 559 3444 Iusta
582 3400 686 3462 pauent
709 3393 713 3461 Ι
737 3396 824 3446 hostis
890 3398 940 3445 242
963 3396 1061 3447 martis'
1127 3400 1183 3447 243

201 3432 328 3553 {gqetqqre
362 3454 432 3569 2315
449 3460 591 3543 1355555555Ι
629 3466 781 3544 rutnans
832 3465 883 3514 250
900 3470 982 3512 necat
999 3464 1035 3525 cf.
1054 3465 1109 3514 VII
1130 3468 1183 3513 144

296 3544 302 3557 ·
431 3538 563 3589 uergema
581 3546 608 3579 tn
625 3547 738 3596 nzorpme
755 3533 877 3595 praefisa
895 3539 934 3580 est
951 3530 1058 3595 notulis
