2500 3917
220 234 263 299 32
628 238 779 289 HELENA

285 385 350 451 Pro
367 386 479 450 matris
494 386 637 451 thalamo
653 408 773 470 poenas
789 386 941 470 dependit
955 387 1100 452 Achilles.

237 482 270 531 55
287 468 381 534 Unde
398 471 478 535 haec
493 492 589 535 causa
604 470 692 534 fuit?
714 472 826 535 forsan
840 470 1045 536 Telamonius
1059 473 1133 536 Aiax

287 553 449 619 Sternitur
464 555 604 619 inuictus
620 555 707 639 quod
720 560 824 619 mater
836 555 961 620 reddita
974 578 1039 619 non
1053 561 1098 620 est

286 638 429 704 Hesione
443 639 585 704 Priamo:
605 640 653 704 sic
667 644 716 703 est
731 640 806 704 data
821 662 918 704 causa
932 640 1067 723 rapinae.

288 722 353 787 Cur
368 727 481 808 gentes
498 723 639 788 cecidere
658 724 763 806 simul,
779 745 836 788 cur
851 746 944 788 sexus
959 728 1087 807 uterque

288 806 453 890 Concidit,
469 808 588 872 infanti
602 808 711 873 nullus
726 812 801 891 post
815 809 901 872 bella
914 808 1075 891 pepercit?

238 903 271 952 55
289 890 343 956 Sic
357 891 452 956 dolor
467 893 610 977 exsurgit
625 893 751 974 diuum,
767 894 876 957 515155
890 892 1038 975 polorum

288 974 400 1041 Saeuit
416 980 449 1039 et
463 981 605 1040 errantes
620 977 695 1041 talis
711 976 854 1041 uindicta
869 976 1017 1041 coercet?

290 1058 499 1142 Compellunt
514 1062 629 1124 audere
645 1062 752 1125 uirum
766 1061 843 1144 fata,
858 1061 959 1143 impia
973 1060 1039 1124 fata

290 1142 378 1219 Quae
395 1143 480 1208 flecti
496 1144 690 1228 quandoque
705 1150 844 1230 negant,
860 1146 976 1229 quibus
992 1144 1082 1209 obuia
1093 1166 1168 1208 num·

959 1251 1032 1292 uam

288 1310 352 1376 Res
371 1333 592 1397 quaecumque
607 1315 707 1397 uenit,
723 1314 795 1398 quis
810 1315 926 1381 semita
937 1251 1030 1377 iiulla
1043 1316 1153 1376 tenetur

243 1409 276 1457 55
294 1395 400 1462 05515
413 1397 488 1462 dum
500 1398 645 1482 ueniunt,
652 1399 768 1482 quibus
776 1400 885 1462 omnia
896 1397 1004 1462 clausa
1014 1400 1167 1481 patescunt.

140 1480 172 1535 [o-
188 1478 221 1532 ³⁹]
292 1482 362 1545 Iam
378 1502 457 1567 grex
470 1481 630 1565 horretur,
646 1482 753 1547 fontes
768 1504 841 1546 casa
854 1504 975 1566 pascua
987 1482 1082 1545 siluae

292 1565 445 1631 Flumina
466 1588 541 1629 rura
554 1568 669 1651 pigent
682 1588 742 1631 nec
757 1567 865 1631 fistula
880 1567 982 1633 dulcis
997 1570 1119 1645 ametur,

292 1649 370 1714 Non
385 1650 492 1733 placet
507 1649 640 1715 Oenone
656 1651 711 1715 sed
726 1652 790 1715 iam
805 1673 907 1735 prope
922 1652 1025 1734 turpis
1038 1650 1155 1713 habetur

292 1734 342 1797 Ex
358 1755 422 1815 quo
438 1735 574 1816 pulchra
588 1734 701 1800 Uenus
716 1736 815 1800 talem
829 1737 982 1818 promisit
994 1736 1030 1799 in
1043 1734 1095 1798 Ida

244 1830 276 1878 65
295 1815 406 1892 Qualis
422 1817 508 1882 nuda
522 1816 598 1882 fuit:
614 1820 713 1884 talem
728 1821 794 1884 iam
808 1824 921 1903 pastor
935 1818 1070 1884 anhelat.

292 1900 433 1967 Sordent
447 1924 525 1967 5555
539 1904 610 1967 5155
625 1904 820 1989 post'iurgia
843 1909 937 1968 tanta
951 1904 1085 1983 dearum,

263 2006 266 2013 ·
292 1986 452 2071 Pergama
466 1987 535 2051 sola
549 1988 687 2071 placent,
703 1998 736 2053 et
750 1992 879 2053 moenia
893 2009 1044 2072 quaerere
1057 1983 1155 2049 troiae

294 2070 387 2133 Mens
402 2074 435 2133 51
449 2070 517 2134 1515
532 2072 654 2137 iubent.
684 2073 827 2136 monitus
842 2072 935 2137 Paris
951 2072 1057 2137 omnia
1069 2069 1151 2134 norat
1213 2097 1215 2116 ι

201 2210 205 2219 ,
295 2152 448 2217 Blandita
462 2155 587 2218 nutrice
601 2177 692 2239 puer,
708 2179 772 2240 quo
788 2158 947 2241 sanguine
962 2162 1073 2237 cretus,

246 2249 279 2297 75
294 2234 566 2320 Quigenus‚unde
574 2240 696 2323 domus,
705 2242 897 2324 rapiensque
906 2238 1171 2325 crepundiapator
1212 2281 1214 2296 ι

294 2320 472 2386 Troianum
487 2324 639 2406 carpebat
653 2325 724 2389 iter.
755 2326 810 2388 uix
825 2326 952 2390 uiderat
966 2346 1068 2389 arcem

296 2404 428 2489 Lassus,
445 2410 478 2471 et
492 2408 632 2472 intactae
646 2410 865 2493 procumbunt
879 2410 1021 2474 culmina
1035 2405 1121 2471 turris
1211 2465 1213 2474 .

295 2489 437 2575 Ingemit
451 2494 484 2555 51
498 2493 603 2574 151155,
619 2494 704 2557 muri
718 2516 792 2577 pars
807 2497 894 2559 certa
908 2498 1039 2579 repente

298 2574 447 2638 Concidit
462 2579 494 2639 et
509 2576 625 2641 Scaeae
641 2579 809 2642 iacuerunt
822 2578 936 2642 limina
950 2582 1068 2662 portae,
1210 2643 1212 2654 ,

249 2670 281 2718 75
299 2657 390 2723 Tunc
406 2657 522 2723 Simois
537 2662 672 2727 siccauit
686 2685 795 2746 aquas,
811 2663 998 2746 crystailina
1011 2655 1125 2725 Xanthi

297 2741 455 2806 Fluminis
470 2744 557 2807 unda
570 2747 674 2829 rubet,
690 2747 783 2810 sudat
796 2752 925 2829 pastore
940 2746 1115 2831 propinquo
1209 2821 1211 2832 Ι

298 2826 479 2890 Palladium
494 2828 547 2891 551
562 2835 678 2911 sponte
693 2831 812 2896 eadunt
827 2832 998 2895 simulacra
1011 2829 1165 2892 nnana.

297 2910 394 2977 Forte
411 2911 477 2976 dies
492 2913 658 2979 sollemnis
673 2920 742 2980 erat
756 2938 820 2999 quo
836 2915 993 3000 Pergama
1007 2915 1106 2976 rector
1208 2989 1210 3012 Ι

303 3052 336 3101 49
355 3048 487 3115 depondit
505 3069 573 3103 corr.
591 3054 646 3103 ln
703 3058 735 3105 52
755 3056 821 3104 Esto
840 3070 873 3102 ne
892 3071 960 3103 corr.
973 3054 990 3103 I
995 3052 1026 3101 Μ
1084 3047 1113 3096 53
1129 3054 1175 3090 ⁰1¹ffl

237 3131 318 3167 sexus
336 3134 403 3168 corr.
424 3120 439 3168 I
446 3120 479 3169 M
522 3123 554 3170 54
573 3124 748 3187 perpepercit
796 3124 828 3171 56
848 3123 951 3171 5555511
967 3130 995 3170 51
1011 3119 1175 3169 uidetur-corr.
1207 3179 1209 3190 Ι

237 3198 273 3233 erc
292 3191 402 3235 coercot
419 3204 488 3237 corr.
508 3188 527 3237 I
530 3188 563 3236 M
607 3192 640 3238 59
658 3196 756 3253 tuetur,
769 3190 865 3238 Buect.
883 3190 964 3242 5551.
1024 3187 1055 3235 62
1073 3181 1177 3230 armatur

237 3266 307 3301 corr.
330 3252 384 3302 IM
466 3257 499 3305 63
522 3270 643 3304 oenones
670 3258 724 3305 ium
755 3272 850 3320 prope.
888 3272 958 3320 quae
980 3256 1034 3303 iam
1060 3244 1177 3326 perrierust
1206 3295 1207 3314 χ

238 3318 255 3367 l
261 3319 294 3366 M
359 3320 391 3367 66
410 3322 498 3385 origia
516 3338 551 3372 ex
569 3324 666 3387 u'regia
685 3326 786 3373 uidetur
802 3332 944 3373 correctum
961 3338 1028 3373 corr.
1044 3320 1062 3368 I
1066 3317 1096 3367 M
1135 3309 1208 3368 4⁰5

240 3386 319 3449 Quod
337 3402 423 3451 genus
444 3388 457 3435 I
463 3388 494 3436 M
562 3391 594 3439 73
613 3388 702 3454 certa]
727 3392 799 3441 molis
816 3407 866 3455 qao
884 3394 954 3440 locus
965 3390 1056 3452 5115515
1071 3381 1177 3456 515πί501·

240 3460 281 3502 tur
299 3468 385 3503 nomen
405 3455 539 3515 propriam
608 3458 642 3505 74
659 3457 763 3507 lumina
781 3475 851 3509 corr.
868 3458 887 3507 I
892 3458 923 3507 M
990 3457 1022 3505 75
1044 3445 1178 3503 cristallina

239 3521 317 3569 xanti
363 3520 394 3567 78
413 3518 541 3569 solemnis
558 3535 594 3570 eor
612 3523 754 3573 sollemnis
770 3540 865 3574 rasura
881 3531 998 3575 mactatum
