2500 3917
189 246 232 311 34
597 244 749 295 uenere

191 410 241 459 110
255 396 322 461 Dat
336 396 454 460 celeres
468 396 570 479 pietas
586 416 713 479 gressus
729 415 810 477 quos
825 392 964 476 denegat
978 397 1078 475 aetas,

254 480 332 544 Mox
346 481 495 543 iuuenem
511 478 679 561 complexa
693 481 783 542 tenet
797 499 855 561 per
868 477 952 541 colla
964 498 1024 560 per
1038 500 1108 541 ora.

256 564 373 629 Oscula
388 563 571 627 diffundunt
586 566 619 626 ct
633 563 774 627 lambere
789 564 933 626 membra
939 564 1102 707 Iparentes

254 648 412 713 Insistunt
426 647 552 711 iuuenis
567 648 728 730 certatim,
745 646 800 711 sed
815 647 888 730 pius
903 668 938 709 ar
960 668 998 709 or

254 732 410 797 Adfectus
426 732 589 815 dispensat
646 753 717 815 ens,
733 731 875 795 alternet
888 729 1016 813 utrique

192 829 241 879 115
256 817 301 881 Et
314 817 439 880 uicibus
454 838 527 880 care
541 815 617 879 Peri
641 816 648 828 '
680 816 805 879 ceruice
819 814 979 878 fruuntur.

253 901 397 969 Nuntius
412 902 536 965 interea
549 904 653 964 totam
667 900 886 982 compleuerat
899 899 1010 962 urbem

255 985 354 1049 Fama
368 985 458 1048 uolat
471 1005 529 1067 per
543 984 664 1067 templa
678 984 782 1064 deum,
797 982 884 1066 quod
898 985 1008 1065 pastor
1022 982 1063 1045 ab
1078 981 1138 1046 Ida

257 1068 298 1134 Se
313 1068 403 1132 uelut
419 1068 560 1132 ostendit
573 1068 667 1152 regni
682 1068 720 1133 de
735 1068 834 1151 stirpe
849 1071 1001 1131 creatum.

255 1153 346 1217 Tunc
360 1152 504 1215 Helenus
518 1154 608 1215 uates
622 1152 780 1235 templum
795 1152 916 1215 dimisit
930 1155 963 1214 et
976 1171 1065 1215 aram

193 1250 242 1298 120
256 1236 300 1301 Et
314 1236 426 1319 procul
442 1236 612 1301 exclamat:
631 1240 740 1319 ‘pater
753 1237 866 1319 impie,
882 1235 1019 1318 pessima
1033 1239 1146 1318 mater,

257 1320 341 1396 Quid
354 1322 457 1403 pietas
473 1321 609 1385 crudelis
624 1321 701 1405 agit,
717 1320 794 1403 quid
808 1320 942 1403 perditis
956 1319 1091 1383 urbem?

255 1404 344 1469 Haec
359 1408 408 1469 est
421 1405 478 1468 illa
492 1410 549 1469 tuo
564 1405 634 1486 fax,
649 1409 766 1486 mater,
781 1404 908 1487 prodita
922 1413 1036 1467 somno

257 1488 345 1564 Quae
360 1489 455 1553 simul
466 1489 617 1553 incendet
627 1488 758 1552 Troiam
772 1509 971 1573 regnumque
984 1491 1156 1570 parentum

256 1573 295 1635 In
310 1577 429 1636 sortem
445 1572 533 1637 dabit
547 1572 603 1636 ille
617 1595 727 1637 nurus.
758 1574 905 1636 coniurat
919 1574 955 1635 in
969 1593 1058 1635 arma

194 1669 243 1718 125
259 1655 392 1719 Graecia
406 1659 476 1719 tote
491 1656 602 1720 dolens
617 1661 746 1739 raptum
760 1658 874 1740 punire
890 1655 1062 1738 Lacaenae,

257 1738 368 1803 Litora
381 1742 492 1803 nostra
505 1743 618 1823 petent
633 1740 739 1806 Danai
754 1763 827 1805 cum
840 1741 928 1804 mille
944 1741 1072 1822 cannia,

257 1823 377 1887 Dorica
383 1827 487 1887 castra
497 1824 649 1908 fremunt,
661 1826 724 1889 iam
731 1825 889 1910 Pergama
899 1830 996 1889 uexat
1002 1824 1155 1906 Achilles,

257 1906 325 1972 Iam
340 1908 609 1993 pugnantDanai,
622 1909 1155 1991 iamcernimusHeotoratractum,

258 1991 365 2056 Troile
380 1994 445 2056 iarn
459 1994 616 2076 perbelle
631 1994 721 2077 furis,
737 1995 802 2058 iam
818 1994 968 2058 sterneris
983 1993 1088 2056 audax

107 2086 182 2135 [1141]
195 2089 244 2137 130
259 2078 346 2139 Ante
361 2098 463 2140 anuos
471 2127 479 2159 ,
496 2077 639 2141 animose
653 2100 748 2161 puer,
763 2078 884 2141 uirtute
898 2082 1078 2161 proteruus.

258 2157 320 2223 Sed
335 2160 412 2241 quid
426 2159 494 2223 fata
508 2165 593 2243 ueto,
609 2161 686 2244 quid
701 2163 783 2226 fixos
797 2184 890 2227 arceo
906 2184 1006 2244 cesus,

258 2241 339 2306 (lum
353 2242 436 2305 nihil
451 2243 592 2307 aduersis
607 2247 711 2326 prosit
724 2247 896 2329 prudentia
910 2245 1036 2331 signis?

257 2325 310 2389 Me
325 2326 469 2391 Fortuna
482 2330 598 2410 potens
614 2334 646 2392 et
659 2329 803 2413 Pyrrhus
820 2332 935 2415 ingens
951 2332 1137 2412 exspectat!

256 2410 343 2475 Dum
357 2411 510 2495 loquitur,
522 2410 703 2478 Cassandra
716 2416 807 2479 uenit
820 2414 994 2479 furibunda
1007 2412 1156 2477 sacerdos

194 2508 244 2557 135
259 2495 303 2560 Et
316 2500 451 2561 matrem
467 2497 633 2581 complexa
648 2500 749 2563 canit:
766 2498 860 2582 ‘quid
874 2504 977 2563 mater
991 2498 1104 2580 iniqua

257 2580 341 2653 Quid
354 2584 446 2662 pater
461 2581 574 2662 infelix
589 2582 667 2665 quid
682 2584 795 2648 limera
808 2588 920 2647 nostra
934 2582 1079 2665 paratis?

256 2662 429 2727 Immemor
444 2664 506 2727 heu
521 2667 634 2749 pietas,
650 2668 707 2730 uni
721 2667 776 2750 pia
790 2672 893 2731 mater
907 2667 1035 2730 haberis

257 2746 423 2810 Pastorem
447 2769 486 2811 ue
500 2748 592 2812 foues
607 2750 662 2813 sed
676 2752 786 2815 multis
801 2752 902 2834 impia
916 2755 1046 2816 constas

124 2894 134 2909 ἦ
242 2831 413 2915 Regibus,
463 2836 625 2897 ectoreum
640 2834 775 2917 supplex
790 2840 937 2918 emptura
951 2835 1089 2898 cadauer

195 2929 244 2979 140
259 2916 320 2980 Per
334 2918 461 2980 montes
475 2936 533 2999 per
548 2938 624 2981 saxa
640 2918 765 2983 datum:
780 2941 840 2983 nec
855 2919 1007 2983 uenditur
1020 2918 1146 2983 Hector

262 3123 310 3171 110
332 3122 366 3182 ef.
388 3122 470 3173 Orest.
492 3125 542 3173 670
629 3125 680 3178 112Ι
703 3126 828 3189 parentis
855 3140 924 3175 corr.
945 3124 1043 3173 Buerlr.
1065 3140 1096 3172 m.
1119 3124 1159 3177 rh.

195 3188 243 3237 113
260 3187 376 3239 iuuenes
393 3206 462 3243 corr.
478 3190 575 3241 Buech.
592 3206 622 3239 m.
641 3193 679 3241 rh.
751 3193 798 3241 114
817 3208 903 3257 agnes
921 3206 1001 3241 acres
1018 3200 1044 3241 er
1061 3192 1161 3239 utrim-

195 3268 246 3317 que
265 3253 329 3316 IM,
348 3270 433 3309 anons
451 3258 549 3309 Bacch.
568 3274 599 3307 m.
611 3259 652 3312 rlr.
723 3261 771 3309 118
793 3260 862 3308 uelit
884 3276 951 3310 corr.
970 3258 1070 3310 Bueclr.
1089 3258 1161 3307 uelit

194 3320 303 3369 ostendi
320 3322 372 3370 IM
438 3328 486 3376 125
504 3324 600 3375 uolens
619 3328 755 3390 proposuit
773 3326 868 3377 Bacch.
940 3328 988 3375 128
1010 3326 1070 3375 lam
1088 3340 1161 3374 corr.

193 3389 295 3438 reddetur
312 3404 347 3437 en
365 3393 419 3439 tam
490 3394 537 3443 130
557 3393 663 3443 animos
683 3397 712 3442 et
734 3408 802 3457 puer
818 3395 923 3444 uirtute
995 3396 1042 3443 133
1061 3408 1161 3456 exepe-

194 3458 252 3513 ctat
273 3454 395 3517 Pyrrhus
418 3462 446 3505 et
469 3459 567 3521 ingens
590 3460 608 3508 Ι
615 3461 643 3509 Μ
665 3464 695 3511 ot
716 3462 879 3511 desideratur
900 3462 945 3511 Me
966 3464 1112 3525 exspectat
1135 3460 1159 3508 F

196 3537 213 3585 p
234 3527 261 3570 et
280 3522 357 3585 regia
375 3522 473 3585 Pyrrhi
493 3522 610 3589 (Buerlr.)
682 3529 730 3577 136
748 3528 865 3577 infoelix
