2500 3917
224 238 268 302 20
569 236 857 290 couraounasu

288 388 451 453 Fortunae
467 408 659 471 quocunque
673 387 770 469 bono,
786 386 795 449 l
860 386 923 450 'tur
937 386 1089 470 honorae,

288 472 428 536 Diuitias
443 472 578 554 confert,
593 471 708 535 tribuit
720 493 779 554 per
792 471 833 533 be
858 493 877 535 a
891 470 1084 554 triumphos.

289 555 334 620 Et
348 578 406 640 pro
423 559 473 621 tot
487 556 609 619 meritis
625 556 726 619 instas
742 556 855 619 orbare
869 559 1037 638 parentem

289 641 431 726 Pignore
446 661 596 724 percusso
613 640 665 704 cui
679 640 727 703 nil
741 639 874 703 fortuna
888 641 1049 704 bonorum

226 738 275 787 305
293 724 439 790 Contulit
454 724 573 789 iniusto
589 745 729 807 pensans
743 723 962 788 moderamine
976 723 1106 788 fatum?

290 808 324 873 Si
339 810 421 873 ratio
436 812 468 873 te
483 809 573 873 nulla
588 811 706 891 mouet,
722 808 750 871 si
765 811 872 872 mente
888 811 1021 872 cruenta

139 912 170 965 [p.
183 910 216 962 a]
289 893 440 957 Humana
454 894 574 977 pietate
590 914 687 975 caree,
702 892 828 955 imitare
842 891 953 956 leones

290 976 376 1051 Quos
391 977 502 1041 feritas
518 998 676 1061 generosa
689 976 794 1040 iuuat:
810 976 948 1059 superba
961 979 1145 1041 temnentes

287 1060 443 1145 lngruere
458 1060 669 1144 fremitusque
684 1059 759 1125 dare
773 1060 887 1144 procul
902 1082 957 1125 ore
973 1065 1108 1124 cruento

225 1158 276 1206 310
290 1145 419 1209 Nobilis
433 1146 482 1209 ira
496 1145 588 1227 solet,
604 1145 756 1209 subiectis
769 1165 900 1228 parcere
915 1143 1058 1227 gaudent

289 1229 334 1293 Et
348 1228 499 1312 praedam
513 1230 617 1294 rabies
633 1230 828 1311 contempsit
841 1229 933 1293 fulua
946 1229 1116 1293 iacentem.

289 1314 444 1377 Gramina
457 1336 525 1377 non
536 1317 686 1398 tangunt,
695 1313 818 1377 feriunt
829 1313 884 1376 sed
894 1312 1033 1377 fulmina
1044 1334 1188 1396 quercus

288 1396 465 1482 Nunquam
480 1401 591 1461 taurus
605 1399 692 1461 iners
707 1398 791 1462 lassa
804 1397 928 1461 ceruice
944 1397 1089 1461 Tonanti

289 1482 430 1547 Uiotima
445 1483 530 1546 fessa
545 1483 652 1564 datur,
669 1482 724 1545 sed
738 1482 802 1546 iam
817 1481 888 1565 quis
903 1481 1039 1565 grandia
1054 1486 1193 1567 surgunt

225 1580 275 1627 315
289 1566 442 1649 Ingentes
457 1588 515 1649 per
530 1566 701 1648 collatori,
717 1588 798 1649 quos
812 1565 920 1629 fronte
936 1566 1075 1649 superba

289 1650 411 1713 Pascua
426 1649 612 1734 cornigeros
627 1654 754 1714 armant
768 1651 803 1713 in
816 1650 902 1713 bella
916 1650 1080 1714 iuuencos.

289 1732 404 1797 Hostia
419 1734 575 1798 uictorem
589 1732 734 1797 funestat
747 1734 901 1818 languida
914 1756 1038 1817 pauper

289 1816 323 1881 Si
338 1821 494 1881 mactatus
510 1818 580 1901 erit,
597 1818 652 1881 sed
667 1818 733 1882 sint
746 1823 803 1882 tua
817 1839 908 1882 sacra
922 1840 1072 1901 coronae,
1237 1797 1239 1928 ἱ

289 1901 362 1966 Sint
376 1901 512 1967 hederae
526 1901 610 1966 lauri
625 1923 761 1986 quercus
776 1906 808 1967 et
821 1902 930 1986 palma
944 1903 1117 1987 triumphi,

225 2000 275 2048 320
291 1986 364 2051 Sint
379 1987 474 2070 clipei
489 1987 600 2071 galeae
616 1991 730 2051 contus
746 1988 846 2051 lorica
859 1987 1062 2070 trophaeum.

288 2072 408 2152 Accipe
423 2075 496 2134 tura
511 2075 626 2154 potens
641 2072 719 2134 deus
734 2075 770 2135 ut
784 2071 821 2134 T·
860 2071 973 2135 nthius
987 2071 1052 2135 aris

289 2155 332 2217 Et
347 2153 451 2217 Ledae
468 2158 579 2237 partus
594 2176 731 2239 magnus
746 2176 819 2219 cum
861 2160 966 2220 astore
981 2154 1102 2220 Pollux

289 2236 427 2301 Semidei
441 2241 516 2320 post
530 2237 597 2301 fata
611 2239 739 2324 uigent:
755 2240 806 2302 his
821 2244 954 2322 quartus
967 2238 1079 2305 adesto

288 2320 427 2385 Uirtutis
443 2322 567 2386 ratione
582 2322 644 2385 fide
658 2324 778 2406 pietate
793 2324 906 2408 uigore

225 2419 275 2467 325
290 2405 477 2471 Possessure
492 2407 595 2491 polos,
611 2406 767 2471 scandens
783 2430 846 2491 qua
859 2408 980 2473 lacteus
995 2409 1064 2473 axis

289 2490 447 2575 Uertitur,
463 2491 598 2555 aetherii
613 2514 677 2574 qua
692 2514 726 2555 se
741 2492 796 2556 dat
810 2493 948 2558 circulus
963 2493 1051 2557 orbis

288 2575 489 2657 Lunarisque
504 2577 621 2659 globus
637 2598 700 2658 qua
715 2577 859 2641 uoluitur
874 2599 932 2641 axe
947 2578 1072 2661 tepenti

287 2662 356 2721 Aut
371 2662 456 2721 certe
472 2681 535 2741 qua
548 2660 701 2725 Phoebus
715 2662 784 2745 agit
797 2682 893 2743 super
908 2667 994 2725 astra
1008 2661 1144 2746 iugales,

289 2740 400 2805 Sidera
415 2742 460 2806 sio
476 2744 592 2827 capies,
608 2745 730 2827 poteris
745 2746 791 2808 sic
806 2748 893 2809 astra
907 2746 1046 2809 mereri?

292 2913 428 2965 3114111111
496 2914 545 2965 305
565 2929 681 2964 censens
702 2931 770 2965 corr.
788 2916 884 2969 Bneet.
955 2916 1004 2967 306
1023 2917 1103 2967 fouet
1120 2932 1196 2967 corr.
1236 2911 1238 2976 i

224 2982 320 3033 Bacch,
400 2984 450 3033 308
477 2984 563 3033 arreni
587 2984 709 3044 praefixa
734 2991 773 3033 ert
799 2985 962 3047 corruptelae
989 2992 1058 3036 nota.
1096 2980 1194 3049 iuuat]

225 3051 321 3100 Bacch.
350 3053 428 3101 uoluit
454 3050 532 3101 iubet
562 3050 724 3116 sequentibus
749 3051 894 3101 subiunctis.
929 3051 1025 3106 Buecb.
1053 3054 1197 3116 proposuit

224 3132 308 3183 super
325 3134 401 3167 arma
423 3124 551 3169 tenentes
619 3120 670 3167 316
688 3119 749 3181 qais
766 3135 834 3168 corr.
849 3117 945 3169 Buecb.
1032 3122 1083 3171 316
1102 3123 1197 3169 armat

225 3188 386 3246 corruptelae
421 3195 482 3237 nota
514 3188 601 3235 aerari
626 3188 750 3249 praestan
777 3193 816 3235 eat
901 3186 952 3237 317
980 3186 1090 3237 funesta
1120 3203 1195 3237 corr.

225 3250 322 3303 Bacch.
410 3254 459 3303 318
492 3268 610 3304 coronae
644 3268 712 3304 corr.
745 3269 780 3303 err
814 3268 933 3303 coronae
1020 3257 1069 3304 311
1099 3254 1196 3303 Tirin-

225 3318 299 3367 thius
367 3321 416 3367 322
436 3322 472 3369 Et
494 3316 602 3384 Ledae]
623 3320 693 3370 Tedi
715 3337 784 3371 corr.
802 3320 899 3372 Buecb.
917 3325 1006 3372 ueraci
1026 3326 1197 3385 corruptelae

224 3392 286 3436 nota
301 3388 424 3449 praefixa
441 3394 480 3436 est
531 3391 580 3437 323
599 3389 711 3452 quintus
728 3393 890 3452 corruptelae
901 3392 974 3454 cipro
992 3396 1104 3439 notabor
1122 3406 1198 3441 corr.

225 3453 321 3502 Bacch,
378 3454 427 3501 326
445 3454 525 3503 sedat
542 3458 614 3505 malis
632 3455 721 3504 tendit
739 3458 780 3505 uel
796 3458 876 3506 simile
893 3460 956 3522 quid
1021 3458 1074 3507 328
1092 3470 1171 3519 quae

224 3522 274 3570 329
292 3520 411 3584 posteris
429 3522 469 3569 sic
487 3528 581 3570 castra
