2500 3917
206 236 246 300 12
543 236 827 289 ccnrnounssm

269 386 377 450 Turba
391 388 602 469 superborum
617 368 737 450 sineret
751 386 778 448 si
792 386 887 449 turba
902 385 1071 466 clientum,

269 470 331 545 Qui
346 470 480 553 dignum
495 472 615 534 seruire
629 474 748 553 putans
762 469 914 553 indignus
929 469 1066 532 habetur

269 553 330 617 Uel
346 553 510 617 fastiditur
524 554 668 637 supplex.
695 553 845 617 inimicus
860 557 893 616 et
905 551 1009 617 hostis

268 637 389 701 Diuitis
404 638 551 721 arguitur
565 659 687 720 pauper
702 637 757 719 qui
772 640 850 701 uota
864 636 989 700 clientis

219 735 253 783 60
267 724 374 784 Ausus
389 722 507 786 habere
522 722 619 785 miser
633 741 693 784 nec
707 721 786 783 haec
800 725 910 785 tamen
924 720 993 802 ipse
1011 723 1185 801 meretur,

268 804 330 869 Sed
344 806 465 888 probus
476 805 634 869 horretur.
658 803 805 868 domibus
818 804 921 888 magis
932 803 988 867 ille
998 807 1184 886 potentum

267 888 364 953 Liber
378 889 499 952 amicus
515 889 576 952 erit
590 888 735 972 quisquis
750 888 822 951 uult
836 910 904 951 esse
919 888 1062 969 satelles,

268 971 339 1045 Quo
359 976 526 1055 praesente
546 971 638 1035 nefas
659 972 869 1035 committitur
889 975 984 1053 atque
1004 972 1130 1053 siletur,

267 1058 336 1119 Aut
350 1056 453 1119 scelus
467 1056 530 1120 hcc
545 1056 572 1119 si
586 1055 672 1119 forte
687 1059 782 1119 sonet
794 1060 904 1119 tamen
918 1055 974 1118 ille
988 1055 1127 1139 negabit

219 1150 251 1200 65
267 1136 389 1221 Sponte
409 1144 523 1221 petens
542 1142 705 1204 tormenta
730 1160 838 1203 cruces
863 1160 921 1222 per
939 1139 1084 1202 membra
1111 1160 1180 1221 per

816 1241 820 1253 ‘
909 1227 998 1286 artus

269 1304 441 1369 Carnifices
456 1306 599 1369 flammas
614 1306 745 1389 proprio
761 1308 878 1370 satiare
893 1328 1020 1389 cruore,

268 1387 414 1453 Tortcris
429 1388 558 1452 laudare
574 1411 721 1471 manum,
735 1412 795 1472 pro
811 1390 909 1453 diuite
923 1412 1044 1473 poenas

269 1470 303 1535 si
318 1473 454 1555 patitur,
470 1473 497 1535 si
512 1474 619 1537 uincla
634 1494 748 1556 gerens
763 1474 925 1558 ergastula
941 1475 1078 1557 perfert,

269 1555 310 1620 Se
324 1559 453 1638 reputet
468 1557 624 1620 cruciasse
640 1557 721 1621 alios
736 1561 773 1620 ut
788 1558 922 1621 crimina
936 1558 1057 1640 celent,

219 1652 252 1701 70
274 1638 316 1705 Ut
329 1640 404 1701 talis
419 1639 508 1702 diues
524 1640 629 1724 qualis
644 1642 808 1706 mendicus
823 1643 923 1705 amari

268 1722 376 1786 Possit
390 1727 422 1786 et
436 1723 550 1787 infelix
565 1723 605 1787 ad
620 1725 755 1789 crimina
770 1726 916 1790 conscius
931 1748 1009 1809 esse,

268 1804 315 1869 Ut
328 1810 462 1870 teneant
475 1807 583 1871 fauces
600 1809 743 1872 obsessas
757 1813 853 1873 nocte
868 1810 1023 1894 latrones,

267 1890 336 1953 Aut
350 1891 457 1975 pelagi
472 1891 599 1955 rabidos
614 1892 730 1957 fluctus
744 1894 850 1975 pirata
863 1898 1000 1977 uagetur

267 1973 299 2036 N
302 1994 336 2036 ec
351 1974 465 2038 timeat
479 1975 601 2039 ualidas
617 1977 675 2040 sub
690 1979 881 2059 tempestate
895 1978 1052 2060 procellas

219 2069 251 2117 75
266 2057 406 2139 Praedo,
428 2059 518 2122 iuuet
532 2060 681 2142 petulans
696 2064 733 2124 ut
745 2061 926 2126 luxurietur
940 2062 1066 2126 adulter

267 2141 493 2222 attractare
509 2142 597 2205 clade
612 2144 675 2206 uiri
691 2143 729 2207 de
744 2148 848 2209 morte
863 2146 986 2209 mariti:

268 2223 393 2287 Ultima
408 2245 486 2288 cena
501 2225 594 2290 datur
609 2248 705 2309 quam
719 2233 862 2311 praestat
875 2228 1021 2293 adultera
1035 2231 1163 2295 coniux

267 2307 388 2371 Pocula
403 2308 569 2373 mortifero
586 2332 792 2393 corrumpens
807 2312 925 2377 blanda
938 2335 1075 2397 uenena

267 2389 349 2456 Cum
365 2391 484 2476 gaudet
497 2394 651 2476 conuiua‚
666 2396 760 2477 perit.
791 2418 862 2479 spes
879 2398 1014 2461 crimina
1028 2398 1120 2463 ducit

216 2487 250 2535 80
264 2474 318 2539 Fit
332 2476 457 2539 facinus
473 2498 545 2541 cum
560 2478 650 2542 lucra
663 2483 794 2562 petunt,
812 2481 943 2563 impune
958 2482 1059 2545 libido

108 2573 140 2621 [r.
155 2570 189 2617 1³]
268 2557 355 2621 Dum
369 2581 502 2641 peccare
518 2562 606 2645 cupit
620 2561 739 2626 uindex
753 2564 941 2628 subducitur
955 2568 1070 2644 omnia,
1240 2637 1242 2652 Ι

267 2641 370 2715 Quem
384 2645 515 2724 perimit
529 2646 587 2709 sub
602 2646 715 2710 fraude
729 2669 811 2711 reus,
842 2649 1020 2731 cuicunque
1035 2649 1145 2713 furori

265 2724 326 2788 nst
340 2747 455 2807 operae
469 2730 625 2812 pretium,
642 2734 772 2812 sperant
786 2754 844 2794 sua
880 2734 1000 2797 raemia
1014 2733 1142 2815 culpae.

267 2807 433 2873 Ocnicitur
447 2812 625 2895 cuicunque
642 2814 727 2877 bono
744 2816 830 2896 quod
871 2817 973 2879 assius
987 2816 1096 2899 inquit

270 2965 302 3013 56
322 2960 427 3028 Turba]
452 2968 530 3014 tanta
548 2969 661 3017 conicias
678 2970 719 3017 ael
743 2973 823 3018 torua
845 2974 887 3019 ael
906 2973 985 3020 simile
1003 2972 1065 3035 quid
1136 2974 1176 3023 57

203 3030 276 3092 Quid
290 3032 400 3095 dignum
413 3048 482 3085 cerr.
493 3032 588 3084 Bacch.
635 3035 668 3085 58
679 3034 827 3086 fastidiens
837 3052 906 3089 corr.
917 3038 1014 3091 Bacch,
1062 3039 1095 3087 60
1112 3053 1176 3089 nec

201 3102 295 3146 tamen
318 3099 491 3153 corrstuect.
561 3103 592 3149 61
617 3102 675 3151 Nee
694 3107 786 3153 tamen
808 3105 870 3168 ipse
889 3110 1006 3153 meretur
1022 3112 1082 3154 ante
1099 3105 1176 3156 Ιιιιηο
1240 3095 1242 3186 l

201 3178 300 3212 uersum
313 3168 424 3267 repostita
438 3169 510 3217 uides
523 3174 657 3233 notataque
671 3174 834 3233 corruptelae
847 3174 1007 3238 praefixam·
1052 3174 1086 3221 63
1102 3188 1175 3235 pre-

203 3284 283 3329 sente
299 3279 303 3342 Ι
322 3282 429 3360 neptas
515 3286 548 3334 64
568 3287 684 3349 negauit
702 3303 771 3339 corr.
788 3287 884 3338 Bueelr.
969 3289 1002 3337 68
1020 3290 1176 3353 ergastula

202 3368 295 3427 portet
313 3380 380 3416 corr.
395 3366 489 3415 Bacch.
552 3369 585 3417 69
604 3369 677 3419 celet
694 3385 762 3420 corr.
780 3371 877 3421 Bacch.
938 3374 971 3422 70
987 3375 1096 3435 spatium
1114 3389 1178 3425 non

201 3432 313 3479 relictum
374 3435 404 3482 71
424 3433 523 3483 Posset
537 3432 542 3497 Ι
558 3450 619 3485 esso
683 3439 715 3486 72
734 3439 848 3488 obsessa
911 3441 943 3490 75
960 3439 1069 3489 Praeda
1087 3439 1178 3491 uiuet

202 3499 233 3547 77
253 3512 321 3563 cena
389 3501 423 3549 80
440 3499 481 3549 Ad
499 3516 567 3551 corr.
584 3502 680 3554 Bacch.
751 3506 784 3555 83
802 3521 917 3570 sperans
934 3521 1003 3556 corr.
1021 3506 1120 3560 Buecd.
