2500 3917
180 238 222 303 88
551 238 790 291 slmsmcrro

242 389 319 472 Ipsa
332 387 474 452 medulla
487 388 592 452 latens
607 389 758 452 obseruat
772 408 894 453 cornua
911 388 1017 473 lunae,

287 471 469 537 Obseruant
482 472 578 537 lunae
592 476 679 537 tecta
693 472 822 537 cerebra
837 472 961 556 globos.

244 555 301 621 Sol
316 557 427 621 oculus
440 556 522 619 caeli
535 556 665 621 radians
679 557 824 621 fuscatur
838 558 879 621 ab
894 558 1008 621 umbra

285 640 330 705 Et
342 645 453 705 tamen
467 640 508 705 ad
522 641 633 705 solitas
647 641 737 723 itque
751 639 897 724 reditque
911 641 1033 725 plagas,

179 737 229 786 245
245 729 294 789 Ac
309 725 424 808 recipit
437 724 536 788 facies
546 726 668 807 priscas
680 726 828 808 lucesque
843 726 991 789 resumit:

286 808 414 873 Damna
428 808 481 872 uel
494 813 704 893 augmentum
718 809 797 873 dant
812 808 978 893 elementa,
993 810 1128 873 ferunt.

242 894 418 957 Alternant
432 893 592 957 elementa
606 894 693 957 uices
708 895 740 957 et
754 897 900 976 tempora
914 896 1050 977 mutant,

286 976 426 1060 Tempus
441 977 563 1040 habent
576 981 687 1041 noctes
702 981 829 1060 tempus
844 980 878 1042 et
891 978 960 1059 ipse
975 978 1052 1041 dies.

245 1061 418 1143 Accipiunt
431 1064 607 1143 augmenta
622 1060 689 1124 dies
703 1066 878 1144 noctesque
893 1062 1045 1145 uicissim,

179 1158 230 1205 aso
285 1145 452 1207 Amittunt
466 1165 577 1207 cursus
590 1149 723 1227 perpete
738 1145 809 1230 lege
823 1145 902 1228 poli.

243 1228 404 1311 Tempora
418 1232 495 1291 sunt
508 1228 640 1311 florum,
655 1230 775 1295 retinet
789 1252 846 1293 sua
860 1232 1006 1312 tempora
1020 1232 1156 1315 messis,

286 1312 428 1396 Tempus
443 1316 476 1375 et
489 1316 672 1394 autumnus,
686 1317 813 1396 tempus
830 1313 951 1377 habent
964 1314 1108 1379 hiemes:

244 1396 312 1460 Uer
325 1401 429 1460 aestas
444 1400 618 1461 autumnus
632 1398 735 1461 hiems
750 1398 833 1461 redit
844 1420 948 1461 annus
963 1399 998 1461 in
1012 1420 1158 1483 annum,

285 1479 446 1555 Quattuor
457 1482 620 1545 alternant
627 1485 774 1565 tempora
782 1482 992 1565 temporibus.

177 1577 228 1626 255
244 1564 363 1629 Omnia
377 1586 450 1629 cum
465 1564 598 1630 redeant
611 1566 738 1630 homini
752 1588 810 1629 sua
823 1588 892 1631 non
906 1567 990 1631 redit
1004 1570 1106 1651 aetas,

284 1647 347 1712 Sed
362 1649 452 1712 uelut
466 1648 547 1713 acris
563 1651 633 1713 auis
647 1651 693 1713 sic
706 1650 848 1735 fugitiua
861 1651 960 1714 uolat.

241 1732 402 1814 Tempora
416 1736 493 1796 sunt
505 1734 595 1815 pacis
609 1734 664 1797 uel
678 1738 824 1817 tempora
839 1739 926 1799 certa
941 1736 1074 1817 cruoriS,

285 1814 360 1880 Otia
373 1820 501 1900 tempus
515 1816 639 1882 habent
653 1818 850 1902 militiaeque
865 1818 965 1884 labor.

240 1900 401 1983 Tempora
416 1900 586 1985 gaudendi,
602 1905 678 1965 sunt
692 1906 838 1985 tempora
853 1906 939 1967 certa
954 1902 1097 1986 dolendi,

177 1997 229 2046 260
286 1984 447 2068 Tempora
461 1984 540 2049 dant
553 1986 694 2069 lucrum,
710 1991 856 2070 tempora
871 1987 988 2051 damna
1002 1986 1129 2052 ferunt.

240 2068 363 2133 Nubila
376 2073 504 2153 tempus
519 2070 641 2134 habent
656 2076 688 2135 et
701 2075 847 2154 tempora
862 2074 948 2135 certa
963 2092 1128 2157 serenum,

284 2152 444 2234 Tempora
459 2155 581 2217 seruari
595 2156 689 2219 iussit
704 2158 735 2219 et
749 2156 819 2238 ipse
834 2154 922 2218 deus.

239 2232 364 2299 Horam
379 2237 540 2318 quaesiuit
553 2238 675 2303 faciens
690 2239 844 2303 miracula
858 2238 1015 2315 Christus,

283 2318 406 2383 Horam
421 2322 564 2403 sperauit
577 2324 684 2405 passio
701 2328 811 2387 sancta
825 2324 937 2387 crucis.
963 2399 965 2403 .

175 2416 227 2465 265
242 2403 290 2468 Ut
303 2404 349 2467 mi
363 2404 520 2487 irascaris,
538 2406 594 2489 qui
608 2408 669 2471 sim
684 2408 712 2471 si
726 2407 855 2491 dignior
869 2408 917 2471 ira

283 2488 364 2552 Tam
378 2489 488 2573 magni
502 2491 588 2575 regis
603 2490 726 2555 iudicer
740 2513 807 2556 esse
822 2491 903 2555 tua?

241 2570 377 2646 Quando
392 2595 450 2656 per
465 2575 624 2639 aetherias
639 2575 747 2659 aquila
762 2576 919 2641 uolitante
934 2576 1066 2658 rapinas

222 2698 226 2716 .
285 2655 410 2719 Praeda
424 2658 577 2742 cibusque
591 2660 656 2724 fuit
669 2682 779 2743 passer
793 2659 933 2725 hirundo
948 2660 1065 2743 picus?

240 2737 375 2814 Quando
389 2740 490 2805 fames
504 2743 607 2807 rabidi
623 2745 771 2827 quamuis
786 2744 896 2808 ieiuna
909 2744 1014 2809 leonis

174 2835 227 2885 270
284 2822 331 2889 Ut
345 2824 388 2887 sit
402 2823 570 2908 adoptauit
584 2828 731 2893 faucibus
746 2850 817 2893 esca
832 2828 946 2911 lepus?

242 3031 291 3079 241
311 3030 440 3081 obseruat
462 3047 531 3082 corr.
555 3047 590 3083 erc
613 3035 743 3084 obscurat
761 3049 825 3083 man.
842 3048 895 3083 rec.
962 3033 1013 3082 246
1034 3033 1151 3083 Damna

174 3097 351 3164 uelamenti
369 3116 464 3181 dantq;
482 3132 552 3171 corr.
566 3119 700 3167 Arenata.
717 3120 790 3168 ηιαῐίε
807 3117 875 3167 dant
900 3132 971 3181 quae
995 3118 1046 3165 nisi
1062 3116 1150 3167 obstet

174 3180 246 3227 elisio
264 3187 369 3232 molesta
386 3185 421 3247 cs.
440 3202 465 3233 u.
484 3186 517 3235 38
586 3185 636 3234 252
655 3187 815 3233 autumnum
841 3188 949 3249 tempus
967 3183 1054 3233 habet
1077 3186 1150 3249 quod

173 3247 270 3309 scripsi
290 3250 398 3299 coniecit
415 3253 544 3302 Arenata
623 3253 674 3301 255
696 3250 813 3301 hominis
830 3267 898 3305 corr.
917 3253 1047 3302 Areuclus
1069 3248 1147 3315 {asna

174 3327 244 3366 corr.
260 3329 325 3364 mun.
342 3332 395 3365 rec.
411 3321 530 3382 primitas
544 3320 595 3381 fait
612 3319 661 3369 uia
677 3321 718 3369 ael
735 3320 814 3369 simile
832 3322 894 3385 quid
961 3321 1011 3369 262
1030 3333 1148 3369 seruare

208 3381 259 3431 263
276 3383 328 3431 uid.
347 3384 383 3431 ad
398 3402 422 3433 u.
441 3388 490 3437 123
540 3387 591 3436 265
609 3387 648 3437 Ut
665 3386 732 3435 mihi
749 3386 879 3437 irascaris
898 3387 946 3451 qui
962 3388 1015 3436 sim
1033 3386 1149 3451 dignior

174 3447 225 3499 ira.
256 3449 325 3512 qaod
340 3452 435 3512 scripsi
449 3455 585 3515 proposuit
602 3453 700 3504 Bacch.
731 3452 785 3503 Cur
801 3456 933 3505 irascaris
951 3454 1019 3503 mihi
1036 3468 1087 3503 our
1104 3454 1149 3505 sio

174 3511 285 3577 dignior
301 3515 344 3562 ira
360 3517 466 3578 scripsit
483 3520 611 3569 Areuulus
679 3522 729 3570 267
747 3519 870 3572 etheriae
938 3522 989 3572 268
1006 3520 1101 3573 Preda
