2500 3917
419 248 657 301 SATISFACTIO

167 397 214 464 Ut
227 397 315 462 canit
329 397 369 462 ad
384 398 523 482 populos
537 399 658 482 pagina
672 404 782 464 sancta
797 400 857 483 dei,

126 483 296 566 Sacrilegis
311 482 455 547 referens
469 483 619 548 caelestia
634 484 705 547 iura
719 486 855 549 cateruis

167 566 300 633 cinctus
315 568 494 651 apostolica
507 566 719 650 discipulante
733 590 840 633 mann.

71 666 112 715 151
125 652 245 718 Nonne
260 651 312 715 dei
326 656 498 734 praecepta
513 651 626 715 iubent
640 674 681 715 ne
696 652 746 717 sol
762 652 854 717 cadat
870 654 995 718 intrans

166 736 330 800 Irascente
345 736 409 800 alio
424 735 479 799 sed
494 736 567 819 pius
583 739 670 799 extet
684 735 806 801 homo?

124 820 194 885 Rex
208 820 415 885 inimicorum
429 819 550 905 iugulis
564 841 719 885 mucrone
733 823 877 905 pepercit

163 902 274 967 Dauid
289 908 321 967 et
335 904 388 968 hic
403 904 532 969 sceleris
547 908 652 968 certus
668 904 794 969 adulter
808 906 907 970 inest:

126 987 300 1053 Confessus
314 988 441 1052 facinus
459 990 586 1053 ueniam
600 1010 660 1071 pro
677 988 765 1053 clade
780 994 921 1054 meretur

72 1087 114 1134 166
168 1071 295 1138 Noxius
310 1072 442 1156 impune
456 1073 509 1137 uel
524 1073 593 1137 sine
608 1077 713 1137 morte
728 1094 811 1137 reus.

123 1156 261 1240 Insuper
276 1160 309 1220 et
323 1155 477 1222 Salomon
492 1157 603 1221 eadem
617 1157 752 1221 muliere
768 1161 893 1222 creatus

167 1239 257 1316 Quae
272 1242 374 1305 scelus
389 1242 531 1305 ammisit
544 1262 661 1305 munus
676 1241 808 1306 honoris
823 1242 934 1307 habet:

124 1324 155 1388 N
157 1346 202 1389 on
216 1326 255 1387 fic
269 1325 450 1390 Abessalon
463 1326 558 1390 heres
573 1326 612 1389 de
626 1325 765 1411 coniuge
780 1330 884 1408 natus,

167 1407 232 1473 Sed
246 1409 375 1473 sceleris
389 1410 514 1474 fructus
529 1414 655 1493 sceptra
668 1414 803 1492 paterna
817 1414 916 1474 tenet.

72 1492 210 1557 16511116
226 1494 303 1576 quid
317 1494 476 1577 impendit
489 1495 574 1577 patri
589 1493 761 1558 clementia
774 1516 908 1577 parcens

165 1576 214 1641 Ut
228 1578 290 1641 sibi
304 1599 407 1662 regna
421 1578 512 1643 daret
526 1583 563 1642 ut
577 1578 668 1643 daret
683 1582 715 1642 61
730 1578 844 1643 suboli.

123 1662 198 1745 Ipse
213 1662 419 1727 inimicorum
434 1661 588 1727 Salomon
603 1682 671 1727 non
687 1663 771 1728 oolla
784 1662 933 1746 poposcit

165 1744 254 1809 Dum
269 1750 393 1829 peteret
407 1747 583 1830 dominum,
599 1748 655 1811 sed
669 1747 823 1830 sapientis
839 1768 933 1829 opem
945 1768 952 1807 :

123 1828 243 1894 Extitit
257 1830 311 1894 hic
325 1831 466 1914 prudens
482 1832 558 1914 quia
572 1831 679 1895 noluit
694 1853 761 1896 esse
777 1834 928 1895 cruentus

71 1926 112 1973 116
165 1914 389 1999 Pacifieusque
403 1916 467 1979 fuit
480 1915 671 1998 consiliique
683 1920 789 1979 tenax.

124 1996 309 2081 Stephanus
319 2003 395 2063 ante
410 2000 492 2064 ahos
507 1999 649 2082 lapidum
666 2000 724 2064 sub
736 1997 893 2083 grandine
905 2001 1028 2081 martyr

163 2082 323 2148 Hostibus
340 2085 453 2148 orabat
468 2087 584 2167 sponte
599 2084 664 2147 suis
679 2084 818 2147 ueniam.

123 2164 212 2231 Haec
227 2167 315 2231 bona
329 2168 517 2251 simplicitas
532 2172 674 2251 praestat
687 2168 797 2231 ieiuna
811 2167 949 2231 cruoris:
982 2222 985 2232 .

165 2250 229 2315 Uir
243 2252 312 2316 sine
327 2257 431 2317 morte
446 2273 561 2337 gerens
576 2252 624 2315 nil
639 2252 737 2315 habet
750 2253 819 2334 ipse
829 2252 930 2315 necis

70 2345 111 2395 175
125 2333 245 2399 Caesar
257 2337 378 2419 ubique
392 2341 508 2419 potens
522 2337 609 2400 hosti
623 2340 698 2419 post
711 2336 797 2399 bella
810 2334 965 2418 pepercit,

164 2419 211 2483 111
225 2422 312 2503 quod
327 2424 396 2485 erat
409 2421 502 2504 peius
517 2421 598 2485 ciuis
613 2424 646 2483 et
659 2419 762 2483 hostis
778 2422 861 2483 erat:

123 2502 248 2587 Sponte
263 2504 451 2570 facultatem
464 2505 635 2569 redhibens
651 2502 813 2587 reparauit
826 2501 977 2583 honores,

165 2587 248 2654 Inde
263 2593 397 2657 uocatus
412 2591 480 2654 abit
494 2590 610 2675 dignus
624 2588 749 2653 honore
765 2586 825 2651 dei.

68 2791 224 2857 interpolatas
245 2797 345 2860 lepitur.
381 2797 501 2845 uidentur
522 2802 604 2845 autem
624 2803 686 2859 post
706 2796 770 2844 bunc
793 2809 890 2843 cernua
911 2793 1031 2840 nonnulla

67 2863 182 2924 periisse,
206 2878 265 2912 nom
286 2864 312 2911 in
329 2863 491 2929 sequentibus
512 2865 544 2911 de
563 2862 664 2913 Christo
686 2864 771 2925 cpitur
841 2860 889 2909 155
907 2859 941 2921 cs.
960 2858 1030 2907 Pau·

67 2927 108 2974 lum
125 2930 162 2978 ad
177 2929 277 2991 pres.
290 2932 315 2995 4,
329 2932 362 2979 26
380 2932 545 2980 Dracontion
561 2932 588 2983 (l.
606 2932 655 2981 dco
673 2930 715 2979 III
733 2931 783 2979 599
853 2927 901 2976 157
919 2922 1029 2989 populis

67 2993 211 3059 interpolati
232 3004 259 3047 et
280 2999 410 3047 Areuoluc
443 3010 446 3013 ’
495 2998 544 3046 160
569 3012 631 3047 reus
657 3014 692 3047 eu
718 2996 879 3059 interpolatis
901 2993 1031 3041 Areualus

66 3066 195 3124 111111111ιὶ1.
218 3066 329 3127 spatium
346 3081 409 3115 uero
426 3067 452 3114 in
466 3064 591 3115 Uaticano
609 3066 697 3114 codice
715 3066 815 3113 uidetur
832 3061 945 3110 relictum
963 3073 1030 3121 esse,

65 3140 113 3175 eum
133 3132 348 3195 interpunctionis
371 3140 431 3182 nota
457 3149 508 3197 qua
529 3132 639 3181 disticha
660 3133 761 3193 ainpulo
782 3132 948 3179 terminantur
969 3132 1031 3191 port

65 3199 144 3245 morte
162 3214 214 3249 non
231 3201 407 3263 conspiciatur
476 3200 524 3248 162
543 3198 654 3247 admisit
677 3200 769 3247 editum
838 3197 887 3245 163
905 3195 941 3244 sit
959 3210 1030 3245 corr.

67 3262 199 3317 Areuulus.
228 3273 289 3316 cunt
304 3273 386 3317 autem
399 3268 412 3316 f
427 3274 452 3316 et
470 3282 483 3316 s
500 3269 592 3316 literae
609 3268 773 3329 difficillimae
792 3264 912 3314 distinctu
981 3260 1032 3311 165

64 3333 148 3390 patris
166 3334 201 3396 cf.
216 3351 241 3388 u.
256 3336 304 3385 191
375 3336 423 3384 166
440 3341 471 3383 ut
489 3335 544 3383 sibi
561 3348 646 3398 regna
664 3334 743 3382 daret
761 3336 789 3381 et
804 3328 855 3382 sub
874 3330 936 3380 nibil
952 3334 1029 3379 ultra.

63 3397 110 3446 vid·
128 3402 167 3454 ad
182 3416 206 3451 u.
225 3402 283 3452 166.
300 3403 431 3453 utdaret
448 3406 478 3452 61
500 3401 590 3452 soboli
608 3402 738 3451 Areualus
759 3398 872 3451 restituit
894 3414 929 3447 ea·
951 3401 1030 3447 iuter·
1081 3420 1085 3429 1

62 3468 153 3525 {volutis
223 3470 274 3520 174
292 3470 387 3520 furens
405 3470 598 3534 interpolatio!
615 3470 744 3519 Areualcs
814 3468 862 3517 177
881 3464 1031 3515 redhibens

63 3537 174 3594 parauit
189 3552 259 3591 corr.
278 3537 408 3588 Areualur
472 3537 520 3587 178
538 3536 599 3588 obit
616 3536 697 3586 diuus
719 3536 856 3601 properarit
873 3532 969 3585 Bacch.
