2500 3917
617 196 737 244 HYLAS

285 398 326 464 11.
357 398 435 480 exp.
450 396 607 480 praefatio
621 386 799 461 trochaicis
809 394 957 458 uersibus
970 391 1067 457 licta.

567 482 688 566 Incipit
698 482 785 547 Ylas.

259 639 340 704 Fata
357 660 469 702 canam
484 636 576 719 pueri
590 634 817 718 Nympharum
831 656 924 698 uersa
938 633 1043 698 calore

257 724 298 787 In
312 722 442 803 melius,
458 721 484 784 si
499 719 593 783 Musa
606 731 735 783 mones:
780 720 830 783 uis
848 739 939 783 casus
953 717 1072 781 ademit

259 805 366 871 Alcidi
381 805 545 886 comitem,
561 804 707 867 solamen
722 804 742 867 d
777 824 812 867 ce
827 801 1010 866 malorum?

259 890 399 954 Fuderat
412 888 532 952 Idalios
547 888 670 971 gremio
686 908 720 951 se
734 887 818 950 forte
832 886 977 969 parentis

226 987 241 1035 5
257 975 413 1057 Pinniger
429 976 461 1036 et
475 972 593 1036 collum
608 971 762 1035 uiolentia
778 971 921 1034 cinxerat
936 969 1021 1032 ulnis

260 1057 376 1121 Oscula
390 1077 471 1139 pura
486 1076 613 1139 rogans.
646 1059 748 1118 mater
763 1054 879 1119 deuota
894 1074 1042 1117 coruscos

258 1140 411 1225 Indulget
426 1140 535 1203 uultus
549 1160 706 1222 roseoque
722 1143 770 1202 est
785 1160 858 1202 orsa
871 1136 1004 1201 labello:

114 1252 147 1302 [p.
160 1256 182 1304 2]
261 1224 301 1289 Ὀ
316 1223 428 1287 mundi
443 1222 598 1305 domitor,
617 1223 697 1286 caeli
711 1244 839 1306 quoque
853 1222 982 1285 flamme
995 1220 1158 1302 tonantis,

260 1308 391 1372 Numen
405 1328 504 1390 posco
519 1310 611 1371 tuum
625 1307 717 1371 cuius
731 1307 790 1370 sub
806 1306 875 1369 iure
890 1326 1029 1387 uaporo,

213 1406 245 1453 10
258 1392 321 1456 Per
334 1395 391 1455 tua
405 1392 484 1472 tela,
499 1411 594 1472 puer,
609 1389 756 1454 fecundis
771 1390 865 1453 inlita
879 1388 1016 1452 flammis

260 1475 308 1539 Ut
322 1475 376 1538 des
392 1475 540 1538 effectum
554 1474 640 1537 uotis
656 1474 694 1537 de
709 1495 799 1537 more
813 1474 966 1556 parentis.

259 1559 317 1624 Nil
330 1557 418 1640 rude,
433 1560 518 1640 nate,
533 1578 648 1640 precor
661 1578 721 1621 nec
735 1558 870 1640 supplex
887 1556 1034 1639 improba
1047 1575 1158 1637 posco,

259 1642 371 1705 Ardua
384 1662 452 1705 non
466 1641 561 1705 iubeo
577 1642 725 1723 quamuis
745 1642 848 1725 magis
866 1640 966 1704 ardua
981 1640 1113 1703 uineas!

259 1726 319 1789 Ille
334 1724 433 1789 refert
447 1726 558 1789 matris
573 1724 774 1808 disrumpens
789 1726 887 1789 uerba
901 1723 1076 1808 precantis:

212 1822 242 1870 15
259 1808 397 1893 ‘Magna
410 1809 499 1886 iube,
515 1830 582 1873 non
597 1830 674 1872 ausa
687 1810 792 1892 prim,
808 1809 957 1873 sublimia
971 1806 1089 1871 manda

224 1974 234 1982 -
261 1893 287 1958 Ο
304 1893 452 1977 genitrix.
482 1914 545 1975 quo
559 1892 624 1957 tela
638 1914 735 1957 uocas
750 1897 807 1957 aut
821 1893 898 1976 quid
911 1892 994 1976 petis
1009 1891 1073 1973 uri,

263 1976 364 2051 (luem
375 1977 485 2041 diuum
497 1977 591 2041 modo
604 1976 687 2041 forte
702 1977 793 2041 iubes
803 1978 1013 2041 hominumue
1025 1975 1136 2040 lacessi
1143 1973 1163 2037 ?

259 2060 428 2143 Exprime,
450 2061 640 2124 flammetur.
671 2060 748 2143 quid
762 2061 840 2125 fletu
860 2062 985 2124 lumina
997 2057 1147 2143 tinguis?

259 2145 389 2225 Audeo,
405 2144 432 2206 si
448 2144 573 2226 cupias,
587 2144 693 2227 ipsum
708 2145 871 2208 flammare
886 2145 1067 2209 Tonantem

211 2240 244 2287 20
259 2228 304 2291 Et
318 2228 484 2291 dominum
499 2228 579 2291 caeli
594 2228 677 2292 facie
692 2230 810 2292 uestire
824 2230 955 2293 iuuenci

261 2310 468 2394 Oblitumque
483 2311 550 2393 poli
565 2333 675 2375 rursus
688 2313 812 2397 mugire
827 2334 885 2395 per
899 2313 1014 2376 herbas

261 2393 434 2459 Confessus
448 2416 506 2477 per
520 2398 613 2478 prata
626 2397 759 2460 bouem:
782 2398 874 2460 cadat
890 2417 1004 2460 aureus
1019 2394 1123 2457 imber

260 2478 400 2542 Diuitias
415 2484 452 2542 ut
466 2481 552 2543 tecta
565 2480 695 2563 pluant,
711 2480 753 2544 sit
766 2479 912 2544 fulminis
927 2480 992 2543 ales

259 2561 333 2643 Ipse
349 2563 413 2644 sui,
429 2566 553 2644 satyrus
569 2584 687 2645 cycnus
702 2564 840 2628 Latonia
854 2585 1000 2647 serpens:

207 2654 242 2701 25
258 2645 448 2709 Alcmenam
463 2645 606 2729 galeatus
622 2652 722 2729 amet,
737 2668 889 2711 mucrone
905 2648 1049 2712 coruscet

258 2726 420 2811 Etclipeo
436 2728 589 2792 rutilante
605 2734 697 2794 tonet
711 2730 786 2795 dum
800 2731 892 2794 miles
908 2731 1033 2794 adulter

259 2808 447 2896 Coniungat
460 2816 570 2876 noctes
585 2814 748 2878 subtracta
762 2816 832 2879 luce
848 2815 981 2879 dierum.

258 2892 295 2958 Si
310 2895 417 2960 Pallas
431 2897 571 2979 placeat,
585 2903 715 2962 nostros
729 2898 793 2962 iam
808 2899 926 2963 sentiet
939 2899 1032 2982 ignes
1111 2924 1117 2933 ⁴

260 3047 292 3099 II
309 3052 335 3099 in
352 3051 519 3113 inscriptione
536 3050 705 3100 throchaieis
764 3054 777 3100 1
795 3053 886 3101 Facta
902 3049 906 3114 Ι
922 3051 1012 3101 colore
1076 3051 1092 3099 5
1111 3066 1170 3099 uo·

175 3101 280 3161 lentis
302 3132 371 3167 corr,
393 3116 490 3169 Bacch.
577 3120 609 3167 10
635 3119 701 3167 lunc
724 3134 823 3168 nerim
848 3121 935 3169 eodem
956 3133 1043 3166 manus
1072 3119 1169 3167 eodem

172 3178 338 3233 atramento
355 3184 381 3232 in
398 3187 510 3249 marpine
533 3186 674 3248 adscripsit
695 3193 720 3235 et
741 3189 838 3236 lineolis
855 3202 909 3235 cnm
927 3192 1001 3234 tcaetu
1018 3187 1167 3234 coniunxit.

172 3244 324 3301 neylecrus
342 3257 381 3299 est
398 3253 570 3301 numeratione
587 3268 704 3301 uersuum
720 3255 854 3317 marpinati
918 3254 948 3301 17
967 3252 1106 3301 hominum
1126 3253 1166 3301 de

170 3312 310 3367 Sequitur
322 3321 484 3379 corruptelae
501 3320 596 3381 sipnum
647 3326 707 3383 post
724 3321 756 3367 21
774 3336 828 3369 curn
844 3326 976 3369 structura
992 3320 1043 3367 liet
1060 3321 1167 3369 omnino

170 3380 286 3428 uersus
308 3385 417 3444 periisse
439 3386 540 3433 uidetur
607 3388 641 3436 23
664 3387 720 3437 sint
740 3402 807 3436 corr.
826 3386 923 3437 Bnect.
992 3388 1025 3434 24
1047 3385 1111 3449 Ipse
1132 3387 1167 3434 ui

171 3446 362 3509 cornupetae
384 3450 479 3511 sipnurn
496 3454 583 3500 nercni
603 3456 786 3518 praepositum.
821 3469 890 3506 corr.
909 3453 1004 3503 Bucct.
