2500 3917
218 219 261 283 22
557 221 844 274 EPITHALAMIUM

233 383 266 439 25
282 368 452 438 Sufficiant
465 372 526 435 tibi
540 375 617 435 uota
632 369 761 436 Uenus:
775 370 965 455 praecordia
978 371 1056 435 dura

284 454 392 519 Mollis
408 455 494 519 adire
510 456 602 539 soles,
618 456 804 520 nolentibus
819 455 866 518 ire
881 477 940 539 per
954 460 1042 520 artus

283 538 329 602 Et
342 543 465 604 mentes
480 540 601 604 intrare
616 562 729 604 senum
744 561 910 624 uenasque
924 540 1032 604 leuare

284 623 300 687 I
347 625 418 688 ibus
435 628 467 687 et
480 623 602 708 gelidas
618 625 729 688 calidis
744 645 895 707 reparare
910 623 1048 706 fauilla,

316 710 331 769 t
345 710 515 772 ueteranus
531 714 617 773 amet
631 709 740 773 senior
753 730 812 773 ceu
827 730 934 792 nuper
948 709 1083 772 adultus.

135 814 164 865 [p.
178 812 211 863 a]
236 804 269 851 30
283 790 360 855 Non
375 813 435 877 ego
451 792 587 857 lasciuos
603 796 680 876 opto
694 793 776 856 mihi
791 814 935 857 crescere
950 815 1069 872 sensus,

285 874 348 939 sed
362 897 477 960 precor
491 880 665 961 aspergant
683 881 831 941 nostrum
846 881 906 941 tua
920 878 1062 940 carmina
1074 881 1168 960 pectus

286 958 333 1023 Ut
347 961 471 1023 ualeam
487 965 615 1025 cantare
630 965 704 1026 tuos
717 983 776 1044 per
791 965 870 1025 uota
883 961 1067 1044 triumphos

194 1106 198 1117 ,
284 1043 329 1107 Et
342 1045 450 1107 mixtis
465 1045 581 1109 saltare
597 1046 712 1128 choris,
728 1049 859 1108 cantare
875 1046 1020 1109 choreas.

284 1126 419 1191 Publica
432 1130 602 1213 magnifice
617 1151 675 1213 per
689 1130 819 1194 moenia
833 1133 915 1193 uota
929 1133 1093 1213 gerantur:

237 1223 268 1271 35
285 1208 370 1283 Quas
386 1211 473 1275 dedit
488 1235 553 1278 una
568 1214 689 1297 domus,
706 1212 820 1277 domus
836 1214 959 1299 excipit
973 1236 1038 1278 una
1051 1234 1167 1294 sorores,

286 1293 429 1368 Quorum
446 1298 585 1361 umbone
599 1302 693 1383 tegor
707 1298 760 1361 uel
775 1320 918 1382 quorum
933 1320 1063 1362 munere
1077 1298 1151 1361 uiuo.

285 1378 365 1443 Post
379 1380 486 1445 uarios
501 1402 591 1445 casus
606 1387 679 1465 post
692 1386 744 1446 tot
758 1382 949 1447 discrimina
963 1383 1048 1447 uitae

285 1462 461 1527 Perrexere
475 1466 562 1548 piam
576 1466 703 1549 placido
717 1488 777 1549 pro
793 1468 940 1551 tegmine
956 1467 1095 1530 dextram

286 1546 330 1609 Et
345 1548 431 1629 quod
445 1550 547 1612 maius
563 1554 640 1632 erat,
656 1551 734 1624 laesi
748 1551 892 1615 tribuere
908 1552 1045 1616 salutem
1212 1531 1214 1630 l

239 1642 272 1690 41
287 1628 526 1714 Fortunamque
541 1634 622 1697 mihi
637 1634 786 1697 reducem
800 1636 924 1718 pietate
939 1637 1104 1699 nouarunt.

289 1711 439 1797 Quisquis
454 1717 543 1780 adest
557 1718 685 1801 sapiens
700 1717 912 1784 scholasticus
929 1725 1026 1803 atque
1039 1718 1147 1804 peritus

288 1798 438 1863 Accurrit
457 1800 587 1867 laudare
607 1803 721 1866 uolens
736 1807 866 1867 cantare
880 1809 1029 1887 paratus:

289 1880 375 1955 Quin
391 1904 450 1968 ego
466 1885 616 1951 festinem
631 1887 741 1950 laudes
757 1891 790 1951 et
804 1889 950 1953 carmina
964 1890 1047 1952 ferre

288 1965 352 2031 Pro
369 1968 491 2034 meritis
506 1972 685 2055 animisque
700 1972 830 2035 uirum?
857 1995 939 2055 puer
954 1973 1037 2036 alme
1052 1967 1168 2049 Cupido,

239 2062 271 2109 41
285 2049 301 2112 Ι
350 2072 387 2114 11
400 2054 570 2139 progenies
585 2060 618 2119 et
632 2076 738 2118 rerum
752 2077 868 2139 perpes
881 2058 986 2142 origo,

321 2155 360 2197 111
375 2136 450 2197 ades
465 2144 605 2203 armatus
619 2139 726 2202 fluidis
741 2145 817 2222 post
830 2145 924 2225 terga
938 2139 1103 2224 pharetris

287 2217 389 2281 Inbue
405 2219 547 2301 pinnatis
561 2244 676 2306 precor
691 2223 800 2286 oscula
816 2224 935 2288 blanda
950 2224 1084 2307 sagittis„

289 2301 450 2370 Morsibus
465 2306 596 2371 alternis
611 2311 649 2370 ut
662 2308 807 2372 lambens
822 2309 935 2393 lingua
949 2309 1091 2392 palatum

291 2386 411 2473 Tergat
426 2396 458 2457 et
472 2392 611 2457 udentur
625 2393 788 2475 suspensis
804 2393 954 2457 dentibus
971 2414 1038 2456 ora.

240 2484 272 2534 50
287 2472 413 2557 Sponsa
427 2477 588 2542 maritales
604 2481 778 2563 cognoscat
791 2479 864 2540 utra
878 2498 1018 2560 uapores
1212 2531 1214 2558 i

206 2614 209 2623 .
287 2558 332 2622 Et
348 2581 466 2643 sponso
482 2565 528 2627 sic
543 2563 659 2647 iungat
673 2583 762 2625 amor
777 2563 868 2644 quasi
884 2582 1021 2643 corpore
1036 2561 1070 2622 in
1084 2576 1142 2619 uno
1212 2595 1214 2636 ;

288 2642 428 2711 Brachia
442 2647 598 2731 uirgineis
613 2646 784 2709 adnectens
799 2645 911 2709 stricta
925 2645 1062 2708 lacertis.
1212 2645 1214 2660 '

287 2726 355 2793 Has
370 2730 543 2796 matronali
558 2730 659 2793 societ
673 2730 711 2793 de
726 2751 814 2793 more
830 2733 979 2793 cateruae
1107 2804 1110 2807 Α

289 2814 461 2880 Blanditus
477 2816 536 2881 sub
551 2813 664 2877 fraude
680 2813 771 2876 dolor
785 2812 844 2876 sub
858 2813 995 2877 uulnere
1010 2814 1078 2875 cast

239 2910 271 2960 55
287 2898 520 2987 seruatumque
537 2897 591 2960 diu
606 2899 711 2980 rapiat
725 2897 784 2959 hac
798 2900 893 2960 nocte
907 2897 1064 2980 pudorem

285 2986 330 3053 Et
342 3010 466 3073 poenae
483 2986 526 3052 sit
541 3002 664 3045 merces
679 3002 778 3063 amor,
793 2981 846 3064 pia
860 2980 1010 3065 pignora,
1026 2976 1102 3042 nati.

300 3246 333 3293 42
354 3254 414 3307 post
435 3245 536 3297 uolens
561 3239 683 3301 scriplum
705 3240 745 3285 est
772 3236 799 3279 et
821 3232 943 3281 carmina
970 3234 1043 3301 ferre
1068 3230 1114 3280 red
1135 3239 1174 3301 ea]-
1212 3241 1214 3302 q

221 3315 338 3369 punctam
405 3308 440 3363 43
460 3316 487 3361 in
511 3304 590 3356 initio
612 3318 701 3355 uersus
722 3300 843 3361 scriptum
864 3304 902 3347 est
924 3301 980 3350 Pro
1002 3297 1106 3349 meritis
1126 3306 1174 3341 am·
1212 3335 1214 3372 p

222 3374 326 3438 mirque
343 3376 449 3441 uirum}
474 3364 985 3440 111111111111111111111111111.
1052 3358 1176 3414 4111111
1212 3383 1214 3430 3

221 3455 289 3489 corr.
301 3441 396 3493 Rueck,
466 3445 500 3493 50
518 3432 599 3499 utra]
619 3440 700 3486 lutere
722 3434 823 3482 addetur
846 3446 912 3493 pura
937 3449 972 3483 cn
993 3433 1089 3497 uirgo?
1151 3424 1178 3473 51
1212 3453 1214 3474 ι

222 3507 320 3571 ningat
381 3506 550 3572 serapiam
572 3498 804 3554 ancorassueelae.
1212 3481 1214 3546 l
