2500 3917
475 258 501 307 x
519 258 653 309 raa-me
1004 262 1044 325 67

85 415 130 463 115
142 402 270 467 Reddat
283 407 316 467 et
330 405 467 487 incipias
481 407 600 470 iterum
613 429 673 471 ceu
686 412 787 472 nauta
798 410 936 473 'uenire'

142 486 231 551 Dum
246 487 392 572 loquitur
404 491 559 573 pinnatus
574 493 691 575 Amor,
705 492 772 556 iam
786 494 880 578 uirgo
896 494 1025 559 leuabat

142 570 307 637 Destrioto
321 595 476 638 mucrone
488 596 631 639 manum.
662 577 808 658 captiuus
821 577 918 642 Iason

141 654 327 719 Exclamat:
349 660 515 722 ‘succurre
530 657 657 741 Uenus,
673 682 821 725 succurre
836 660 970 745 Cupido.

141 738 213 802 lam
226 739 327 804 ferior
332 791 341 822 ,
357 740 472 805 Medea
484 742 588 807 ferit'
618 744 664 808 sio
678 744 775 808 fatus.
802 747 836 808 at
850 745 904 809 ille

84 836 130 883 111
139 822 252 969 {paea
257 824 381 888 sidereo
396 827 563 911 componit
576 827 701 909 spicula
714 850 831 911 neruo,

178 930 189 969 1

189 907 234 971 sit
247 908 460 973 arundineum
473 932 532 993 per
544 910 693 975 flammea
707 934 828 977 cornua
842 912 977 995 ferrum,

143 991 285 1055 Stridula
298 992 365 1056 tela
377 993 507 1057 nolant:
530 996 662 1078 rapiunt
680 996 867 1078 praecordia
881 996 1025 1061 flammas
1030 1048 1040 1082 ‚

142 1074 249 1139 Oorda
263 1076 372 1141 calent
385 1078 471 1141 oculi
493 1078 674 1162 uelabant,
690 1081 828 1163 suspiria
841 1086 1010 1164 rumpunt,

140 1159 287 1224 Marcida
300 1100 606 1227 funereumlaxauit
620 1164 751 1228 dextera
767 1163 899 1229 ferrum.

84 1242 203 1308 1158111
217 1245 329 1309 nutrix
342 1246 459 1309 mirata
472 1268 580 1310 moras
601 1245 670 1311 ‘die
690 1248 783 1331 uirgo
796 1248 874 1331 quid
887 1248 1039 1312 haeres?’

140 1327 292 1412 Increpat
306 1334 396 1393 ‘ecce
409 1330 481 1403 feri,
507 1331 607 1394 fibrae
621 1331 788 1412 rapiantur
803 1335 835 1395 et
850 1336 938 1414 exta,

142 1411 334 1477 Consultum
349 1413 404 1477 det
416 1413 484 1477 fata
498 1414 594 1478 iecur.
627 1413 741 1478 Medea
756 1415 912 1478 moraris?

142 1496 336 1561 Occidimus.
365 1498 521 1579 torpescit
534 1499 621 1561 iners
636 1499 781 1562 antistita
798 1497 944 1562 Phoebes

140 1580 305 1646 Permixto
319 1582 443 1665 pallore
457 1584 591 1664 rubens,
605 1604 674 1645 non
688 1583 812 1646 lumina
825 1583 946 1660 uibrat,

84 1675 129 1724 131
139 1664 216 1729 Non
231 1665 312 1729 furit
325 1669 383 1728 aut
396 1666 526 1729 tremuli
537 1665 676 1730 strident
689 1667 724 1729 in
738 1688 901 1730 murmure
917 1668 1037 1732 dentes.

141 1747 206 1813 (lur
219 1748 383 1813 homicida
395 1770 491 1813 uaeas
506 1754 539 1813 et
552 1754 617 1814 stas
632 1750 711 1814 rea?
738 1750 793 1813 sed
806 1772 863 1815 rea
876 1772 945 1815 non
959 1772 993 1814 es

140 1831 175 1897 Si
188 1833 290 1896 fueris
304 1832 466 1896 homicida
479 1834 594 1917 magis.
623 1856 681 1898 cur
695 1835 836 1917 explicat
851 1838 938 1897 artus

140 1917 207 1981 Aut
219 1917 329 2000 tangit
342 1938 400 1980 cur
413 1938 508 1999 saepe
523 1922 621 2000 caput
627 1968 636 1999 ,
653 1916 730 2000 quid
745 1918 846 1999 spirat
859 1918 967 1980 hiatus

142 1998 212 2063 Oris
228 2008 262 2064 et
276 2000 318 2064 ad
332 2022 448 2064 zonam
462 2001 558 2085 digiti
572 2002 747 2065 mittuntur
761 2000 923 2064 inermes?

84 2088 189 2148 1111111
204 2104 322 2167 magus
337 2088 385 2147 est
398 2085 503 2167 pirata
517 2086 625 2149 iacens
641 2089 674 2149 et
688 2106 778 2147 sacra
792 2083 917 2147 Dianae

140 2167 304 2231 Murmure
317 2167 457 2231 sollicito
471 2169 623 2251 prohibet
636 2168 797 2251 soluitque
812 2167 1009 2251 profanus?’

139 2250 272 2315 Dixerat
286 2253 320 2314 et
333 2251 476 2334 gladium
491 2251 619 2315 dextrae
634 2253 808 2317 reuocabat
821 2252 919 2316 inerti

137 2335 242 2417 Impia
255 2336 361 2417 turpis
375 2357 466 2399 anus.
495 2358 605 2399 rursus
620 2336 801 2400 conclamat
813 2335 925 2399 Iason:
970 2396 972 2401 .

140 2417 298 2483 ‘Uictima
308 2439 389 2501 sum,
404 2440 511 2502 pereo,
526 2419 646 2505 iugulis
657 2419 740 2483 male
749 2440 859 2483 mucro
871 2419 1035 2483 minatur.'

82 2512 127 2559 141
135 2502 294 2567 Pinnatus
308 2503 442 2566 subrisit
454 2506 557 2567 Amor
570 2524 743 2585 rursusque
758 2503 892 2586 sagittas

138 2586 216 2650 lecit
230 2591 266 2651 ct
278 2586 421 2651 ardentis
435 2587 585 2651 nutantia
599 2586 696 2651 corda
709 2586 836 2671 fatigat.

138 2673 273 2735 Aestuat
286 2671 412 2734 interea
425 2672 523 2735 sacris
537 2672 674 2754 repetita
688 2671 834 2735 sacerdos
1049 2705 1082 2751 [p.
1096 2701 1131 2751 a]
1226 2718 1227 2751 3

201 2755 282 2819 'bus
313 2754 443 2818 effatur:
467 2759 551 2819 ‘non
566 2758 617 2818 est
630 2754 710 2819 haee
725 2754 857 2819 uictima
871 2756 977 2842 digna.

168 2860 211 2903 ou
225 2843 315 2903 torta
328 2839 452 2902 ceruice
467 2840 565 2922 iacet,
581 2840 663 2903 male
677 2840 817 2985 palpitat
830 2844 934 2922 artus,

84 2930 126 2978 141
136 2921 242 3007 Erigit
256 2924 430 3004 impatiens
445 2929 478 2986 ct
491 2924 618 2987 saucius
634 2928 709 2987 ante
746 2924 883 3007 olorem,

137 3004 301 3091 Sanguine
309 3007 453 3071 membra
461 3012 581 3071 carent.
601 3008 667 3071 iam
673 3028 741 3071 non
753 3008 814 3071 erit
824 3007 931 3071 hostia
941 3012 1034 3091 grata

139 3194 187 3243 115
208 3194 314 3245 Reddet
340 3200 369 3245 et
393 3196 513 3259 incipies
538 3212 607 3247 corr.
630 3194 727 3246 Buect.
813 3196 863 3243 116
889 3196 1035 3259 rapiuntur

83 3259 280 3324 1111311111
303 3268 384 3329 exsta
456 3261 910 3329 11701111111111111111111111
983 3264 1034 3313 118

83 3326 186 3387 tepescit
218 3331 337 3393 tepescit
354 3345 370 3395 γ
388 3346 458 3380 corr.
477 3330 573 3381 Bacch.
589 3330 593 3392 1
609 3330 682 3379 niers
699 3324 840 3392 {Antistia
908 3332 959 3385 130
981 3336 1034 3381 tre·

82 3393 150 3443 mulis
229 3398 279 3447 131
303 3398 349 3447 scd
374 3403 433 3447 stas
455 3413 525 3447 corr.
546 3397 643 3446 Buect.
729 3398 779 3446 131
800 3397 883 3448 fueris
905 3415 974 3449 corr.
998 3414 1034 3449 ecc

83 3457 152 3578 gieritt
167 3465 272 3581 8⁷9235
289 3464 384 3515 iacens
402 3480 472 3515 corr.
491 3480 527 3515 ex
544 3478 644 3514 nocens
715 3466 765 3516 137
783 3465 865 3515 nierti
931 3468 981 3515 146
999 3467 1032 3526 cf.

101 3543 135 3578 ree
146 3568 152 3579 .

795 3615 830 3665 52
