2500 3917
208 212 250 278 36
471 186 474 191 ’
615 212 768 263 nunnus

272 362 492 428 Membrorum
507 363 545 427 de
561 366 651 445 parte
667 361 770 444 dabit,
786 384 862 428 nam
877 366 1021 447 corporis
1035 370 1129 454 aegri

271 447 325 514 Fit
340 449 462 511 iactura
476 447 561 511 salus
576 451 608 510 el
622 447 708 510 uires
722 448 828 528 passio
843 452 986 530 praestat

210 545 258 593 175
272 531 357 607 Quas
372 532 497 596 auferre
513 530 603 595 solel.
632 531 694 595 hoc
711 551 768 595 uos
782 530 938 596 adsumite
953 533 1084 619 fratres,

32 621 40 632 ''
125 633 203 684 [au]
275 616 347 680 Hoc
362 616 448 679 ciues
464 614 570 679 audite
585 616 663 696 mei,
679 614 807 679 laudate
821 620 986 701 parentes,

273 701 379 765 Dicite
394 704 557 783 pastorem
572 698 679 783 gladio
694 699 824 781 pietatis
839 701 943 765 obire:

178 847 185 861 ,
273 784 429 849 Fraterno
445 805 598 848 mucrone
613 782 715 847 eadat:
745 783 773 846 si
790 784 874 848 forte
888 785 1044 867 profanus

274 869 371 933 Hunc
386 868 480 932 feriet
516 867 677 950 uicunque
693 888 799 950 reum,
814 869 857 931 sil
870 869 906 932 in
920 870 999 934 urbe
1014 874 1171 938 sacerdos

211 967 259 1015 180
273 952 359 1017 Cedo
374 953 445 1016 loco
462 890 588 1017 siiorle
602 973 675 1015 meo
692 953 764 1034 pius
779 974 847 1016 esse
862 957 997 1018 recusat.
1171 924 1184 957 ²

272 1036 446 1101 Pontifices
461 1035 605 1099 Helenus
619 1035 749 1100 Laocon
765 1040 889 1101 sacrata
902 1041 1044 1120 poteslas

228 1191 230 1195 ,
273 1120 395 1185 Cedent
410 1121 517 1185 oranti
531 1120 606 1202 quia
620 1121 773 1203 mysticus
788 1124 877 1184 extat
891 1125 1052 1205 uterque'.

270 1206 358 1269 Dum
374 1206 461 1269 canil
475 1204 588 1268 infelix
604 1204 743 1289 gemitus
758 1202 938 1269 Cassandra
951 1206 1094 1291 futuros,

271 1288 371 1355 Uisus
385 1288 476 1354 adesi
490 1288 612 1352 cunctis
623 1288 710 1371 Phry
737 1290 806 1352 ’bus
816 1288 1037 1372 Thymbraeus
1049 1292 1178 1375 Apollo

209 1387 257 1435 185
270 1372 333 1449 Qui
348 1373 492 1437 mercede
508 1394 619 1437 carens
634 1394 714 1437 conc
729 1374 793 1437 usit
806 1373 964 1457 Pergama
978 1396 1070 1440 muro

271 1458 315 1523 Et
330 1478 431 1542 genus
446 1457 607 1542 ingratum
624 1478 746 1539 poenas
761 1458 926 1540 persoluat
939 1459 1029 1522 suari

269 1542 422 1624 Exoplal.
453 1544 603 1623 stupuere
618 1540 778 1625 Phryges,
799 1545 886 1605 tacet
905 1542 976 1624 ipsa
989 1543 1159 1608 sacerdos:

270 1626 410 1689 Effatur:
434 1625 532 1708 ‘quid
547 1625 640 1709 uirgo
657 1626 766 1689 canit?
786 1647 843 1689 our
857 1626 985 1690 inuidos
1001 1628 1101 1691 alter'

270 1709 438 1773 Exclamal
455 1708 614 1772 ‘Helenus
630 1708 768 1773 delerret
782 1709 940 1793 Pergama
954 1711 1086 1775 uerbis?

208 1807 257 1854 190
275 1793 399 1857 Pellene
413 1796 576 1876 pastorem
590 1794 704 1877 palriis
720 1794 758 1857 de
773 1794 901 1858 sedibus
916 1817 1069 1877 umquam

269 1877 471 1941 Falauelanl
481 1899 561 1961 quae
569 1900 622 1941 ma
696 1881 821 1961 parant.
837 1878 1173 1962 stantiussadeorum,

269 1962 515 2045 Magnanimum
524 1963 623 2026 Aeaci
646 1984 696 2025 em
707 1962 795 2026 solus
806 1966 989 2045 prosternet
997 1963 1172 2028 Achillem.
1239 2003 1241 2012 =

270 2046 427 2110 Troianos
441 2066 576 2129 regnare
591 2046 698 2128 placei
712 2067 776 2129 qua
790 2046 866 2110 solis
881 2048 1004 2110 abenas

271 2128 454 2193 Ostendunl
468 2130 653 2212 tolluntque
669 2129 768 2213 diem,
786 2152 850 2213 qua
864 2131 1002 2194 ueriilur
1016 2131 1087 2194 axis

209 2226 257 2274 195
272 2212 421 2310 Frigidus
436 2217 469 2276 et
483 2235 565 2277 zona
579 2215 763 2279 flammalur
776 2215 843 2278 sole
860 2235 1001 2279 corusco.

270 2296 418 2361 Trmanis
434 2297 562 2361 dabitur
576 2301 664 2362 tolus
679 2299 838 2381 possessio
854 2299 992 2364 mundus

270 2381 427 2465 Tempore
443 2403 502 2447 nec
516 2403 617 2466 paruo
633 2382 754 2446 Troum
768 2383 918 2466 regnabit
934 2383 1036 2467 origo.

269 2466 678 2549 Talamauenleonscripla
688 2467 796 2530 semel.
812 2471 889 2531 sunt
897 2465 1178 2550 uerbaTonanlziS‚
1231 2463 1234 2534 J

121 2566 197 2617 [1111]
269 2550 445 2632 Imperium
460 2551 529 2614 sine
545 2552 608 2614 fine
624 2550 722 2618 dabit.
752 2551 900 2615 cohibete
914 2551 1066 2615 furorem.

208 2646 259 2695 200
272 2632 404 2698 Mortali
419 2632 529 2697 diuum
544 2636 648 2717 periet
662 2655 725 2718 quo
740 2634 845 2698 iudice
860 2635 955 2698 iudex
961 2635 986 2709 ‘l

269 2717 302 2781 N
305 2739 339 2781 ec
355 2718 417 2782 hoc
432 2717 500 2781 fala
514 2719 635 2786 sinunt.
665 2718 770 2814 pudor
784 2723 833 2783 esl
846 2718 987 2783 uoluisse
1001 2738 1124 2782 nocere

270 2801 315 2867 111
329 2824 397 2867 non
410 2822 504 2886 posse
519 2805 629 2867 lamen
643 2806 762 2887 prgeal.
791 2804 856 2867 iam
870 2825 965 2867 nemo
980 2802 1145 2885 minetur,

276 3027 325 3075 174
347 3026 423 3075 solus
441 3041 510 3076 corr.
530 3024 580 3073 IM
665 3026 713 3075 176
734 3025 805 3075 solet
828 3025 880 3075 hoc
897 3024 932 3075 ad
950 3026 1049 3074 sumite
1069 3027 1122 3075 sed
1141 3025 1176 3074 ad

207 3092 274 3141 linea
296 3093 405 3143 obducta
428 3095 513 3143 deleta
535 3094 646 3143 uidetur.
686 3107 737 3142 uos
759 3092 813 3142 hoc
834 3092 853 3140 Ι
859 3092 892 3141 Μ
958 3094 1007 3142 178
1030 3092 1175 3155 prosumus

206 3174 276 3209 corr.
298 3160 346 3207 JM
420 3162 468 3211 180
491 3164 635 3209 recucasat
656 3160 741 3209 sensui
761 3175 851 3222 parum
872 3166 958 3223 aptum
979 3160 1085 3209 uidetur
1108 3162 1177 3225 quod
1203 3157 1207 3170 '

206 3227 374 3275 restituerunt
390 3226 440 3275 ῙΜ
455 3232 566 3277 recusat
630 3228 679 3276 182
698 3226 757 3275 Oed
776 3231 804 3276 et
821 3242 890 3277 corr.
910 3224 974 3289 ΙΜΙ
993 3227 1039 3276 uel
1059 3229 1174 3288 amysti-

208 3305 257 3339 cus
292 3292 358 3354 quia
374 3296 511 3356 proposuit
522 3292 619 3342 Bueel.
639 3293 684 3343 uel
702 3294 835 3357 mysticus
853 3298 930 3343 extet
947 3297 964 3344 I
970 3294 1002 3343 M
1059 3295 1175 3345 183111-

208 3356 296 3406 foelix
318 3360 428 3420 genitus
452 3376 520 3411 corr.
539 3360 590 3409 IM
658 3361 706 3410 184
724 3361 877 3425 Tymbrene
948 3363 996 3411 187
1019 3362 1080 3425 ipsc
1103 3376 1173 3412 corr.

208 3424 226 3473 Ι
231 3423 264 3472 Μ
323 3426 371 3474 188
388 3424 510 3476 Effrenis
528 3427 625 3477 Bueclae.
644 3444 674 3478 m.
692 3428 731 3478 rh.
794 3430 842 3478 192
862 3427 985 3479 eacidcm
1000 3426 1005 3491 Ι
1020 3431 1174 3493 prosternit

209 3506 277 3541 corr.
297 3490 393 3543 Bacch.
464 3494 512 3543 197
530 3494 648 3558 regnabi
