2500 3917
489 232 513 281 x
532 233 668 285 aco-428
1018 232 1059 298 73

155 378 208 442 Ac
223 380 460 441 nocturnorum
473 377 593 461 1010100Ι
606 380 720 465 regina
736 380 886 463 polorum

155 462 268 544 Atque
282 462 490 527 tenebrarum
504 462 676 546 splendens
690 469 828 547 patrona
842 486 1001 547 mearum,

85 543 216 609 400001
232 566 347 609 cancer
361 545 476 609 domus
491 552 535 611 cst
549 568 606 611 ora
620 547 797 613 clarissima
810 548 937 631 mundi,

154 627 298 693 Brachia
312 632 531 713 contorquens
546 630 647 695 stellis
664 653 745 714 quae
762 654 870 697 mense
885 652 1037 717 peragras

155 711 252 787 Quod
266 711 419 783 Phoebus
434 713 562 779 radians
577 719 648 779 toto
663 716 718 779 uix
733 716 871 799 explicat
887 737 990 799 anno,

155 795 312 880 Corporis
327 800 360 862 et
374 796 539 862 dominam
553 820 651 862 uorax
667 820 763 883 quam
777 800 872 864 turba
886 799 1021 883 fatetrr,

156 880 207 944 Tu
221 901 390 945 nemorum
405 884 512 946 custos
527 885 564 945 tu
578 904 665 947 mors
676 884 812 966 pinnata
825 884 983 966 ferarum,

87 976 142 1026 400
154 962 261 1028 Ursus
277 985 390 1029 ceruus
405 987 483 1048 aper
496 967 672 1049 pantherae
688 967 815 1031 damma
829 967 939 1031 100000

153 1046 251 1112 Retia
265 1069 339 1112 cum
353 1050 492 1114 ueniunt
506 1054 562 1114 aut
576 1072 650 1114 cum
664 1051 824 1115 uenabula
838 1052 969 1115 uibrant

153 1133 244 1196 Ante
258 1153 372 1197 necem
386 1136 443 1196 tua
454 1133 575 1229 praeda
589 1135 710 1198 iacent:
731 1139 764 1198 te
778 1135 893 1199 tertius
908 1135 1000 1199 heres

155 1214 355 1299 Pariicipem
369 1237 463 1301 regni
478 1222 660 1282 consortem
676 1219 754 1281 iuris
770 1219 870 1283 amari

156 1298 294 1383 Optauit
308 1301 528 1384 mundumque
544 1300 631 1365 dedit
645 1302 705 1365 tibi
720 1302 805 1366 dona
818 1302 1008 1387 secundum,

86 1396 141 1445 410
153 1381 221 1447 Sub
237 1387 295 1448 tua
308 1385 462 1449 terribilis
476 1386 647 1468 rapiuntur
661 1389 787 1468 sceptra
800 1386 945 1468 tyranni,

153 1466 258 1532 Diues
272 1490 396 1552 pauper
410 1469 506 1552 inops
521 1473 632 1552 raptor
645 1469 751 1552 pirata
765 1471 911 1533 sacerdos

155 1551 346 1616 Aduenient
361 1553 420 1616 sub
436 1554 508 1637 lege
523 1554 608 1636 pari,
623 1575 692 1618 non
707 1557 791 1617 sorte
807 1553 866 1616 sub
880 1574 961 1616 una:

155 1634 207 1699 Tu
222 1636 321 1719 punis
336 1639 412 1719 post
425 1636 494 1701 fata
507 1658 579 1701 reos
595 1639 627 1701 et
646 1638 769 1701 uiscera
785 1658 896 1720 saeuo,

154 1717 380 1803 Persephone,
396 1719 453 1785 das
467 1724 579 1785 nostra
593 1724 681 1804 cani,
698 1725 774 1804 post
787 1742 888 1805 regna
899 1720 1042 1785 barathri
1078 1778 1082 1785 .

86 1814 139 1863 415
154 1801 244 1877 Quae
259 1803 388 1868 uultum
402 1808 527 1869 mutare
542 1806 625 1869 soles
641 1805 749 1870 uisura
764 1805 960 1869 Tonantem:

152 1885 205 1951 Da
220 1887 351 1951 ueniam
357 1939 366 1970 ,
382 1887 497 1952 Medea
510 1909 639 1971 precor,
655 1910 727 1952 cum
742 1889 829 1952 clade
845 1910 975 1953 suorum

151 1969 230 2035 Non
246 1970 338 2035 decet
352 1972 401 2035 ira
416 1972 501 2037 deos.
531 1993 657 2036 mereor
677 1994 736 2055 pro
753 1972 885 2036 crimine
901 1992 1055 2054 poenam,

155 2053 201 2118 Te
216 2055 354 2119 feriente
369 2059 493 2139 tamen,
508 2078 576 2121 non
590 2060 627 2119 ut
641 2055 805 2121 mendicus
819 2056 916 2119 lason

154 2137 206 2203 Sit
219 2140 354 2221 uindex,
369 2140 498 2224 regina,
512 2143 603 2224 tuus,
619 2141 675 2223 qui
690 2140 833 2204 criminis
848 2142 960 2204 auctor

83 2220 170 2285 4201
192 2244 226 2287 se
241 2222 315 2287 fuit.
345 2224 495 2287 miseram
510 2224 597 2289 00100
612 2246 680 2288 000
694 2224 809 2307 puniat
823 2245 879 2288 oro

152 2245 216 2381 (dui
231 2328 358 2371 mecum
372 2307 536 2372 feriendus
551 2313 630 2373 erat.
661 2309 850 2390 cuicumque
865 2307 989 2370 iubebis

150 2388 245 2454 (10110
260 2412 340 2473 paro
355 2391 466 2455 feriat:
489 2396 616 2455 tantum
630 2413 672 2454 00
687 2392 780 2476 uirgo
798 2389 946 2455 Creontis
1065 2399 1097 2448 [r-
1112 2398 1150 2449 ⁹1}

150 2472 336 2538 Discidium
350 2476 457 2558 pariat
470 2480 602 2539 nautam
617 2474 751 2539 ductura
764 2474 925 2538 maritum.

150 2556 280 2621 Exaudi
294 2558 465 2637 famulam,
482 2558 574 2624 dolor
590 2563 652 2642 est,
667 2580 735 2622 000
750 2558 836 2622 zelus
851 2557 956 2621 Iason.

83 2653 137 2729 400
152 2639 305 2725 Quinque
331 2641 414 2706 dabo
441 2642 573 2707 inferias
593 2682 636 2689 -
657 2647 706 2707 sat
727 2645 821 2707 erunt
842 2663 901 2724 pro
920 2642 1053 2706 crimine

800 2729 912 2791 nostro
927 2764 968 2774 -

148 2806 310 2873 Inlustres
324 2810 463 2892 animas,
478 2811 606 2875 niueam
622 2832 695 2873 cum
709 2808 824 2884 Iasone
841 2809 998 2893 Glaucen,

149 2890 314 2956 Mortibus
329 2894 497 2957 amborum
512 2916 622 2979 regem
637 2894 828 2978 superaddo
845 2892 983 2957 Creonta

149 2974 196 3039 Et
210 2980 307 3041 natos
321 2977 504 3043 miseranda
518 2978 613 3065 duos,
628 3001 701 3043 mea
714 2978 865 3063 pignora,
882 2977 1015 3060 supplex

153 3232 206 3280 400
232 3230 329 3281 domur
356 3247 404 3281 ora
428 3233 492 3295 fort.
518 3234 588 3284 aliud
614 3233 732 3297 quiddam
759 3235 785 3282 iu
811 3247 859 3282 ora
884 3229 962 3283 uerbo
991 3236 1054 3283 latet

80 3298 133 3346 401
163 3297 280 3363 04011100
303 3313 396 3349 mense
482 3303 533 3351 400
558 3304 676 3365 pantere
708 3302 709 3306 ’
762 3302 812 3350 413
837 3300 871 3363 cs.
893 3299 990 3351 Lucan.
1013 3300 1056 3351 VI

81 3366 141 3414 699.
167 3368 218 3415 700
293 3368 344 3416 414
365 3367 475 3417 baratri
541 3368 592 3417 418
612 3366 753 3416 mendicus
776 3368 823 3417 uix
844 3383 940 3418 canum.
979 3383 1054 3418 men·

80 3430 172 3481 titus?
243 3434 301 3482 423,
316 3438 397 3497 parat
464 3436 516 3485 425
538 3434 623 3486 dabor
646 3434 715 3484 dabo
733 3430 859 3500 0100100
926 3441 977 3491 426
995 3438 1054 3485 ani·

78 3512 144 3548 mac
162 3496 166 3563 Ι
182 3498 315 3549 Glaucam
