2500 3917
183 215 223 279 10
521 216 804 267 CONTROUERSIA

83 436 119 483 [υ.
133 417 217 483 101V.
247 417 470 482 controuersia
485 415 522 481 (le
537 418 648 481 statua
660 417 726 481 uiri
740 416 844 482 tortis.
872 417 931 482 Uir
944 417 1039 483 fortis
1052 421 1156 502 optet

180 506 353 587 praemium
368 504 451 587 quod
471 510 475 585 Ι
495 504 592 570 uolet.
621 506 794 589 pauperet
812 503 903 570 diues
920 507 1051 572 inimiei.
1079 508 1153 573 bel-

181 593 247 658 lum
268 592 385 659 ineitlit
408 593 547 658 oiuitati.
581 592 671 658 diues
693 593 824 658 fortiter
843 598 848 673 l
868 593 959 659 feeit:
992 612 1152 661 reuersus

180 681 314 763 praemii
327 682 450 747 nomine
464 682 605 746 statuam
618 682 720 765 petiit·
729 682 762 745 et
777 682 903 747 meruit.
931 681 1066 749 seeundo
1081 682 1152 748 for-

179 769 261 833 titer
284 774 289 849 1
310 770 392 851 egit:
425 786 574 834 reuersus
594 769 692 851 petiit
717 770 850 851 praemii
871 770 995 835 nomine
1017 772 1154 852 asylum

180 856 251 921 fieri
273 858 412 922 statuam
435 876 523 923 suam
542 858 575 921 et
595 864 599 937 l
618 858 744 922 meruit.
775 857 875 922 tentio
898 857 1030 923 fortiter
1050 858 1152 924 feeit:

179 961 328 1010 reuersus
350 946 447 1029 petiit
470 944 604 1027 praemii
625 946 749 1009 nomine
772 947 869 1029 eaput
888 950 894 1025 Ι
913 947 1062 1030 pauperis
1083 948 1153 1012 ini-

291 1034 373 1099 miei.
401 1050 522 1117 pauper
535 1032 576 1098 ad
590 1034 731 1097 statuam
745 1031 860 1097 diuitis
874 1034 1028 1116 confugit.

560 1120 769 1186 eontredioit:

244 1270 322 1347 Quis
337 1272 428 1337 furor
442 1274 503 1336 iste
519 1274 646 1337 nouus?
669 1294 751 1357 quae
764 1278 857 1337 tanta
870 1273 1002 1338 lieentia
1015 1274 1097 1338 ferri

243 1355 392 1420 Poscitur
406 1360 443 1422 ut
458 1358 521 1421 eiui
535 1357 631 1421 liceat
645 1361 846 1440 prosternere
863 1358 948 1421 ciues

241 1440 285 1503 Et
299 1442 424 1504 facinus
439 1442 498 1505 sub
513 1441 606 1507 laude
621 1445 713 1525 gerat
726 1442 910 1524 crimenque
925 1440 1137 1524 triumphum

242 1523 338 1588 Dicat
353 1528 385 1587 et
399 1524 532 1587 hostiles
547 1525 671 1607 patriae
685 1546 836 1588 reuocare
851 1525 984 1609 sagittas

153 1658 156 1663 ,
212 1620 228 1668 t
244 1605 341 1671 Ciuili
356 1608 414 1670 sub
430 1608 501 1690 lege
516 1607 612 1689 uelit,
627 1607 759 1671 uiduare
774 1608 905 1671 maritas

243 1690 423 1772 Matronas‚
440 1692 551 1761 orbare
567 1694 689 1773 patrae,
707 1691 854 1776 iugulare
868 1693 1067 1774 propinquos

241 1773 406 1857 Reliquias
421 1773 522 1837 belli?
545 1775 647 1838 scelus
663 1778 712 1838 est
726 1796 798 1838 oum
813 1775 884 1857 lege
898 1796 1011 1838 necare

242 1857 305 1920 Pro
322 1858 437 1940 quibus
452 1879 540 1921 arma
554 1859 640 1923 tulit.
669 1859 757 1922 mitis
772 1860 800 1922 si
814 1860 958 1922 uinceret
971 1858 1075 1922 hostis

241 1940 394 2007 Parceret
409 1946 504 2025 atque
519 1942 656 2007 humiles
671 1942 770 2007 uellet
784 1963 910 2005 seruare
927 1946 1086 2007 cateruas,

194 2038 226 2085 10
241 2025 309 2088 Iam
323 2047 392 2090 non
406 2048 465 2108 pro
481 2028 585 2109 patria
598 2027 759 2097 uirffiortis
774 2026 860 2090 bella
874 2026 1005 2109 gerebat

241 2108 426 2172 Defendens
441 2111 580 2174 umbone
594 2110 680 2174 latus
694 2133 752 2193 per
766 2110 889 2194 proelia
903 2110 1014 2173 oristas
1108 2190 1115 2195 ,

241 2191 328 2255 Dum
344 2195 489 2274 quateret
504 2194 649 2277 galeatus
667 2216 748 2277 apex
765 2194 911 2277 aciesque
927 2196 1079 2258 cruentas

231 2274 384 2339 'Letifero
399 2298 551 2341 mucrone
566 2299 724 2361 premens.
755 2280 814 2342 sub
828 2279 970 2363 imagine
985 2278 1066 2342 oiuis
1154 2283 1159 2289 ’

241 2359 363 2442 Impius
379 2361 482 2425 hostis
498 2366 566 2425 erat
580 2363 710 2447 merito,
727 2364 783 2445 qui
796 2363 925 2426 uincere
941 2362 1040 2426 uellet

193 2454 224 2501 15
239 2442 286 2507 Ut
301 2444 387 2508 eiues
401 2445 563 2531 iugularat
578 2469 689 2510 ouans.
720 2450 828 2529 optate
843 2450 1012 2528 tyrannos,

240 2527 319 2610 Iam,
328 2550 485 2613 procerae,
496 2530 984 2613 uineanthostesquibusaspera
992 2543 1088 2594 m‘ens
1098 2538 1159 2598 est
1241 2542 1244 2544 ’

240 2609 272 2673 N
274 2632 309 2674 ee
331 2612 471 2676 studium
485 2618 559 2696 post
573 2615 659 2679 bella
673 2619 796 2679 manet:
818 2613 894 2676 dum
909 2613 1039 2677 elassioa
1053 2636 1158 2680 rum-
1243 2629 1246 2632 ‘

668 2730 673 2733 ·
908 2702 968 2763 unt

240 2776 396 2843 Hostibus
412 2780 551 2844 externis
566 2782 674 2865 grauis
688 2783 737 2845 est
750 2720 949 2844 inimieuiin
963 2746 1078 2862 summ,

239 2861 319 2927 Post
334 2864 435 2927 aciem
450 2863 598 2928 dominus
612 2865 701 2928 mitis
717 2865 772 2947 qui
786 2864 889 2927 uinoit
903 2864 1040 2927 habetur

190 2954 224 3003 20
239 2947 307 3011 Aut
322 2970 361 3011 ex
375 2950 467 3012 hoste
482 2953 591 3012 manet
605 2948 740 3031 simplex
754 2969 792 3011 ao
805 2948 888 3010 fidus
902 2948 1037 3029 amiens,

240 3027 275 3093 Si
291 3032 412 3095 bellum
426 3033 485 3096 sub
500 3054 577 3114 paee
593 3032 693 3096 cadat.
724 3031 810 3114 quod
825 3032 929 3095 sentio
943 3030 1101 3113 prodam:

239 3110 309 3175 Iam
326 3116 411 3179 ciues
425 3115 564 3179 formido
580 3116 659 3199 mei,
679 3136 738 3179 uos
753 3135 830 3199 ergo
847 3118 967 3197 cauete.

206 3340 212 3352 ι
245 3280 271 3327 in
289 3284 455 3345 inscriptione
474 3286 680 3335 controuersiis
695 3283 700 3348 Ι
715 3286 812 3334 inmiei
829 3292 854 3335 et
870 3293 931 3349 poet
947 3285 1042 3334 nimici
1059 3283 1064 3348 Ι
1080 3302 1165 3350 pre·
1232 3277 1243 3309 '³

177 3352 260 3391 mrum
278 3354 304 3394 et
322 3352 427 3411 premia
450 3354 570 3415 deinceps
585 3349 590 3418 Ι
605 3356 640 3403 Μ
656 3368 747 3402 nonne
817 3355 848 3401 12
870 3357 936 3416 apte
954 3368 1023 3402 corr.
1040 3352 1165 3412 Bacch,
1221 3360 1224 3364 '

177 3406 209 3453 13
222 3408 366 3464 Laetifero
420 3418 451 3465 15
469 3420 569 3468 orbans
617 3421 648 3468 16
661 3420 758 3470 uineat
770 3435 839 3470 corr.
851 3419 948 3470 Boset.
994 3420 1026 3468 18
1044 3428 1167 3483 grauis
1231 3418 1244 3449 ⁵·

175 3469 303 3527 inimicus
354 3483 387 3531 20
405 3485 483 3533 uenit
500 3490 637 3549 proposuit
648 3486 744 3536 Bueele.
795 3488 828 3535 22
847 3486 945 3535 eadete
960 3502 1028 3535 corr.
1041 3487 1165 3545 Bacch.
1230 3487 1247 3514 '³‘
