2500 3917
168 228 212 291 40
576 224 729 275 naemu

169 392 220 440 300
231 377 359 443 Uictori
375 376 447 460 quis
462 375 567 439 uictus
582 375 629 437 ait
645 377 696 436 ‘te
710 372 798 436 bella
811 375 943 455 gerente

233 462 287 526 Me
301 465 432 525 maneat
446 459 576 523 uirtutis
590 458 711 540 honos,
727 478 780 521 me
791 455 909 539 praeda
924 457 1098 538 sequatur,

233 546 381 610 Praemia
395 566 446 607 me
461 542 565 607 laudis
579 563 632 606 me
646 541 791 625 praemia
805 544 921 604 cuncta
934 537 1098 621 triumphi

233 630 428 713 Expectent,
444 629 546 691 sterili
559 628 666 690 uictor
678 626 735 689 sed
749 625 843 689 laude
857 624 981 708 potitus
1243 593 1245 748 l

233 714 277 778 Et
292 715 418 777 ieiunus
434 712 526 775 eat'?
548 711 620 793 quis
635 711 705 794 regi
725 710 839 792 quisue
854 708 970 772 marito

171 812 221 859 305
233 798 297 862 Uel
310 798 427 860 misero
443 797 488 859 sic
504 818 599 860 ausus
614 795 660 857 ait
674 815 747 857 cum
762 815 842 857 uoce
857 797 1018 876 protexua'

234 881 435 947 ‘Conubium
450 879 593 944 rescinde
607 883 715 960 tuum,
731 882 899 960 rumpatur
913 877 1052 941 honesto

234 966 375 1030 Foedere
390 966 500 1028 iuncta
520 964 648 1045 domus,
668 962 804 1026 thalami
819 961 1013 1025 damnentur
1028 984 1144 1027 amau·

882 1049 951 1109 tum

234 1132 379 1195 Festiuas
395 1132 546 1215 extingue
561 1131 690 1194 faces'?
712 1131 784 1213 quis
797 1130 900 1193 uicit?
921 1095 1062 1193 ut’istnd

234 1216 356 1280 Audiat
370 1215 500 1279 Alcides
513 1216 652 1299 patriam
667 1216 723 1298 qui
736 1214 876 1297 perculit
889 1213 1004 1277 hosti?

171 1314 222 1363 310
235 1299 371 1375 Quando
386 1307 495 1364 tamen
509 1301 614 1364 uictor
628 1300 707 1363 uicti
721 1299 781 1363 sub
795 1300 867 1383 lege
882 1301 1036 1362 tenetur?

165 1464 168 1469 1
236 1384 270 1449 Si
285 1384 407 1448 Priami
420 1383 563 1448 recidiua
577 1384 691 1448 domus
705 1388 816 1447 manet
829 1382 886 1445 illa
900 1383 1033 1465 tyranni

234 1470 315 1533 Post
328 1470 421 1553 ignes
435 1472 584 1551 reparata
597 1489 703 1550 meos,
718 1470 747 1531 si
761 1466 875 1550 pendit
887 1488 1034 1531 amorem

236 1553 416 1617 Germanae
431 1575 487 1616 rex
501 1554 570 1634 ipse
585 1574 677 1634 suae,
694 1574 754 1635 pro
768 1552 843 1615 dote
857 1551 961 1615 sorori

82 1655 114 1705 [p.
126 1654 161 1704 oo]
237 1634 299 1700 Uel
313 1638 406 1720 regni
420 1658 495 1718 pars
509 1636 594 1699 iusta
608 1636 717 1718 detur,
731 1658 773 1700 ne
788 1635 930 1699 uindicet
945 1635 1032 1698 Aiax
1244 1695 1245 1718 y

172 1733 222 1782 315
238 1718 330 1794 Quod
344 1721 441 1783 matri
456 1718 606 1783 donasset
623 1742 704 1783 auus
719 1722 747 1784 si
761 1720 859 1783 Troia
873 1723 1030 1783 maneret.
1244 1725 1245 1790 l

235 1803 448 1887 Temporibus
462 1805 564 1867 soceri
580 1805 688 1867 senuit
702 1805 729 1868 si
744 1803 843 1868 Graia
856 1804 1009 1867 iuuentus
1244 1795 1245 1824 ¹

234 1888 303 1952 Iam
318 1888 436 1952 nostris
451 1888 615 1971 perbelle,
633 1888 789 1973 Phryges,
804 1888 958 1952 successit
972 1888 1008 1950 in
1024 1888 1145 1952 armis:

236 1971 436 2055 Bellipotens
452 1972 584 2037 ducibus
599 1974 723 2037 cunetis
738 1976 851 2055 optata
863 1992 1009 2055 propago

235 2056 296 2119 Est
309 2057 405 2138 mihi,
420 2057 613 2139 bellipotens
627 2079 696 2121 non
709 2057 784 2121 uilis
798 2057 945 2140 pignoris
958 2057 1045 2120 Aiax

172 2153 222 2201 320
233 2139 365 2202 Eminet
379 2145 412 2203 et
426 2141 552 2221 quaerit
566 2140 604 2203 de
620 2162 686 2223 qua
698 2142 764 2205 iarn
778 2144 874 2225 gente
888 2140 1086 2223 triumphet,

236 2221 408 2286 Thessalus
422 2222 574 2286 Emathia
589 2224 698 2288 fratris
712 2227 854 2289 nutritus
868 2223 1012 2288 Achilles

235 2306 363 2370 Emicat
377 2310 410 2370 et
423 2311 535 2371 toruos
550 2314 676 2372 exercet
690 2310 725 2374 in
740 2332 829 2373 arma
843 2309 997 2373 biformes

133 2394 137 2400 “
235 2390 386 2455 Patroclo
401 2391 577 2474 populante
594 2393 690 2457 simul
705 2393 898 2458 Centaurica
911 2394 1028 2470 lustra,

235 2474 372 2558 Tydides
388 2474 622 2559 Sthenelusque
642 2477 787 2542 fremunt
800 2478 947 2561 Aiaxque
968 2476 1148 2561 secundus,

172 2572 221 2619 325
233 2558 382 2623 Nestoris
397 2560 591 2625 Antilochus
605 2561 792 2626 Palamedes
806 2562 929 2626 Teucer
943 2561 1056 2626 Ulixes

227 2641 392 2718 ¹Exultant
407 2645 494 2726 quod
504 2644 601 2709 Troia
609 2646 694 2711 redit
708 2646 794 2730 quod
804 2646 962 2731 Pergama
974 2649 1147 2731 surgunt?

236 2725 327 2789 Tunc
341 2726 533 2810 Polydamas
548 2730 594 2793 ait
608 2731 766 2795 submissa
780 2752 861 2796 uoce
875 2730 1039 2814 profatus:

235 2808 395 2895 ‘Belliger
409 2813 605 2895 armipotens
620 2816 801 2879 animarum
815 2815 930 2879 iudicis
944 2815 1055 2897 heres,

234 2894 305 2960 Rex
320 2896 372 2960 cui
387 2895 425 2959 de
440 2898 559 2961 nostris
575 2903 623 2962 est
638 2900 743 2983 gloria
756 2920 882 2963 summa
896 2900 1014 2980 ruinis,

170 2993 221 3041 330
234 2980 405 3064 Temperet
419 2980 542 3045 inuidia
556 2981 687 3068 frangat
702 2984 795 3049 dolor
807 2985 857 3047 ira
871 2984 1030 3067 quiescat:

237 3063 405 3149 Captiuam
419 3066 551 3149 repetit,
566 3068 713 3152 reginam
727 3068 828 3133 irater
841 3068 983 3132 honorat

240 3234 290 3282 305
308 3234 362 3285 Uel
379 3237 532 3288 misericois
550 3239 591 3287 sic
609 3255 680 3289 corr.
700 3238 769 3303 ΙΜΙ
785 3245 841 3289 tum
893 3240 944 3290 306
963 3236 1148 3289 connubium

172 3299 221 3348 307
241 3298 384 3350 damnetur
401 3301 428 3366 (e
446 3308 472 3353 in
489 3304 594 3370 rasura)
612 3323 681 3360 corr.
700 3306 719 3355 I
723 3308 753 3355 M
806 3309 856 3358 308
874 3308 923 3371 qni
942 3305 1038 3356 Bacch.
1052 3322 1086 3356 m.
1097 3306 1147 3356 rh.

170 3368 275 3428 inrepens
292 3383 346 3417 cum
362 3371 524 3433 sequentibus
574 3376 624 3424 303
641 3373 764 3439 perculis
780 3391 850 3425 corr.
869 3374 921 3424 IM
977 3375 1027 3436 317
1038 3373 1149 3433 'Quam

172 3432 248 3492 Quae
266 3434 284 3481 I
290 3434 323 3483 M
382 3438 431 3484 321
449 3438 602 3489 Thessalus
666 3443 716 3492 324
735 3442 904 3507 Stenelnqne
968 3440 1147 3503 325u1yxcs

171 3499 221 3548 326
240 3504 355 3564 surgant
372 3516 442 3550 corr.
461 3504 479 3551 1
484 3505 516 3554 M
