2500 3917
68 578 101 627 u».
117 578 151 628 m
252 642 261 660 ἢ
402 528 406 533 .
448 560 486 626 Χ.
523 560 689 644 Draconcij
713 558 830 625 Medea.

220 714 299 779 Fert
312 715 438 779 animus
453 714 587 799 uulgare
601 714 694 779 nefas
709 718 741 778 et
755 713 892 797 uirginis
907 717 995 775 atrae

222 798 376 883 Captiuos
390 802 571 863 monstrare
586 798 678 882 deos,
694 797 853 863 elementa
866 797 1010 878 clientes,

219 883 380 948 Naturam
394 883 515 948 seruire
529 904 601 947 reae
616 883 736 947 seruire
751 882 887 965 puellae,

222 970 320 1031 Astra
334 968 403 1050 poli
418 971 450 1031 et
464 966 588 1031 Phoebi
603 988 714 1031 cursus
729 970 762 1031 et
776 966 880 1029 sidera
894 964 974 1029 caeli

191 1063 207 1110 a
223 1051 368 1115 Arbitrio
383 1051 526 1115 mulieris
542 1051 604 1135 agi,
619 1050 761 1134 perferre
777 1050 959 1114 Tonantem

223 1134 315 1213 Quod
330 1134 439 1200 iubeat
453 1134 568 1199 Medea
581 1134 673 1199 nefas
678 1185 687 1217 ‚
702 1135 759 1199 ubi
774 1135 904 1198 mittere
914 1133 1061 1196 flammas

221 1219 363 1301 Imperet
376 1217 551 1283 aethereas.
581 1222 730 1302 penetrat
744 1240 808 1283 uox
822 1218 880 1281 illa
893 1239 951 1301 per
966 1237 1061 1280 auras

223 1302 306 1367 Cum
320 1302 404 1367 uitas
419 1307 602 1387 mortesque
616 1303 710 1385 facit,
726 1324 799 1367 cum
813 1302 881 1367 feta
894 1304 1062 1382 retorquet

223 1387 276 1450 Ad
290 1407 401 1451 cursus
416 1408 634 1471 quoscumque
648 1388 737 1451 uelit.
758 1387 834 1450 licet
848 1385 976 1469 hospite
991 1404 1085 1450 caeso

176 1482 209 1531 ιο
224 1469 352 1536 Seruiat
366 1474 399 1535 et
412 1470 579 1555 Scythicae
594 1476 702 1536 currat
716 1492 773 1554 per
787 1471 908 1553 temple
922 1468 1056 1551 Dianae,

222 1554 371 1619 Possidet
385 1557 577 1641 astrigerum
590 1556 721 1619 fimesto
736 1559 865 1638 pectore
881 1554 1003 1618 caelum

222 1638 267 1703 Et
280 1659 413 1721 superos
427 1638 559 1722 impune
574 1640 693 1722 premit
706 1660 799 1723 prece
814 1640 891 1703 nixa
905 1638 1019 1721 uirago

221 1722 347 1785 Inuitos
362 1743 474 1805 parere
488 1722 560 1787 sibi.
591 1745 673 1807 quae
688 1724 831 1787 carmina
844 1723 966 1807 linguis

223 1805 404 1870 Murmuret
418 1810 475 1870 aut
488 1828 586 1871 urens
600 1808 721 1890 species
737 1829 819 1891 quae
833 1806 967 1871 nomina
981 1805 1075 1888 dieat,

174 1899 206 1949 15
219 1889 310 1955 Haec
321 1893 428 1954 uatem
438 1891 561 1955 nescire
573 1890 672 1975 decet,
684 1913 766 1975 quac
776 1913 871 1956 nosse
881 1889 1053 1974 profanum
1065 1891 1127 1973 est,

224 1974 312 2049 Quae
326 1975 426 2039 fuerit
439 1976 588 2062 uulgasse
602 1977 705 2041 nefus.
734 1996 794 2039 nos
809 1976 866 2040 illa
880 1995 1031 2039 canemus

223 2058 312 2133 Quae
326 2059 409 2123 solet
420 2061 457 2123 in
471 2060 579 2143 lepido
594 2060 811 2144 Polyhymnia
826 2060 921 2123 doctu
931 2060 1059 2123 theatro

222 2141 315 2205 Muta
328 2142 435 2226 loqui,
450 2163 523 2207 cum
537 2148 637 2208 nauta
652 2146 757 2229 uenit,
773 2166 845 2209 cum
861 2146 972 2227 captus
986 2144 1115 2206 amator

96 2277 101 2284 .
222 2225 312 2288 Inter
327 2225 435 2289 uincla
448 2227 532 2291 iacet
546 2249 621 2292 mox
635 2232 827 2313 regnaturus
842 2228 949 2311 Iason,

174 2320 208 2368 20
223 2308 286 2373 Uel
322 2306 382 2373 dae
397 2310 518 2394 grande
532 2311 635 2376 boans
649 2314 757 2398 longis
772 2313 897 2377 sublata
912 2309 1079 2375 cothurnis

224 2331 348 2458 Pallida
362 2392 565 2478 Melpomene
579 2398 711 2481 tragicis
726 2419 800 2461 cum
814 2396 919 2481 surgit
932 2395 1057 2476 iambis,

224 2477 359 2552 Quando
375 2483 576 2543 cruentatam
590 2480 668 2545 fecit
683 2482 720 2545 de
735 2486 838 2546 matre
852 2500 1025 2544 nouercam

224 2560 345 2625 Mixtus
360 2584 469 2628 amore
483 2563 575 2628 furor
589 2564 700 2630 dotato
714 2566 835 2648 paelice
850 2564 997 2645 flammis

153 2690 167 2696 -
225 2642 384 2726 Squemea
398 2648 521 2730 uiperci
536 2648 708 2713 subdentes
723 2649 807 2713 colla
822 2648 976 2713 dracones

174 2738 209 2787 25
224 2726 306 2792 (lum
319 2750 455 2811 rapuere
469 2732 550 2795 rotis
564 2736 640 2815 post
653 2734 767 2797 funera
781 2736 873 2797 tanta
886 2733 1066 2796 nocentem.

224 2810 270 2875 Te
284 2812 390 2897 modo,
406 2812 562 2897 Calliope,
578 2821 717 2898 poscunt
731 2820 908 2900 optantque
922 2834 1050 2880 sorores

224 2894 359 2961 Dulcior
372 2901 410 2961 nt
424 2898 552 2982 uenias,
567 2921 655 2964 nunc
669 2904 701 2964 te
717 2901 808 2965 decet
821 2901 868 2964 ire
883 2902 1040 2984 rogatam,

230 3049 306 3111 Quum
327 3058 423 3116 passim
444 3055 575 3119 adscripsi
590 3056 697 3106 alterius
714 3056 869 3119 cuemplcrr'c
891 3056 1022 3104 lectionem
1038 3050 1134 3101 notaui

161 3118 237 3167 litera
248 3135 266 3183 y
311 3122 406 3170 treas
418 3137 486 3174 corr.
499 3137 535 3172 ex
547 3122 616 3172 deae
631 3122 736 3173 dliteru
753 3128 883 3186 eupuncta
895 3135 960 3171 reae
973 3134 989 3184 y
1029 3119 1045 3167 5
1058 3132 1129 3182 pen·

161 3182 226 3233 dere
244 3201 313 3235 corr.
332 3186 428 3237 Bacch.
489 3190 521 3239 10
539 3188 650 3252 Scytice
709 3192 740 3241 13
756 3191 821 3253 fort.
838 3189 934 3252 lingua
993 3187 1025 3235 14
1042 3198 1131 3235 urens

161 3256 323 3315 corruptelae
339 3256 412 3318 siano
430 3262 548 3305 notatum.
567 3257 602 3319 cs.
614 3257 721 3321 specics
733 3258 758 3307 in
770 3258 854 3306 iudice
911 3256 944 3305 16
963 3250 1043 3316 Quod
1055 3266 1129 3301 corr.

161 3316 258 3368 Bueclc
312 3322 343 3370 17
361 3320 506 3385 Polymnia
577 3324 608 3372 18
625 3322 715 3373 Multa
733 3322 908 3374 corr.Buect.
978 3322 1010 3370 19
1028 3318 1132 3368 iacens

194 3386 228 3435 20
246 3384 318 3448 quod
335 3387 511 3439 constant.
531 3387 536 3454 Ι
556 3392 680 3442 coturnis
727 3394 774 3443 ''23
792 3390 884 3455 pelice
951 3390 985 3438 24
1003 3384 1134 3451 uipereis

160 3466 230 3506 corr,
243 3450 339 3501 Buect.
408 3456 441 3505 26
459 3456 538 3506 medo
555 3457 664 3523 mcdoy
721 3459 754 3508 27
772 3462 852 3509 nocto
870 3472 939 3509 corr.
950 3454 1048 3505 Bacch.
1063 3449 1068 3518 l
1085 3468 1133 3503 ro-

161 3522 256 3581 gatum
274 3534 342 3569 corr.
361 3520 455 3571 Bacch.
473 3524 508 3583 cf.
525 3522 566 3574 VI
583 3526 617 3573 24
