2500 3917
186 242 229 305 54
533 241 808 295 DELIBERATIUA

188 476 532 563 Atinquieszdolorem
540 475 1166 565 neumleniamperoussoremPatrooli

291 568 424 634 canibus
437 569 471 633 et
482 566 670 635 uoluorlbus
682 570 712 635 sl
726 565 841 632 dedero
854 564 1049 633 laniandum.

105 693 177 753 aa·

112 749 169 792 uio.
214 698 219 703 .
254 722 451 787 Hectoreum
464 719 493 785 si
506 721 591 785 forte
606 740 700 784 canes
715 719 838 785 laniare
853 720 988 785 cadauer

251 806 268 871 Ι
291 829 324 870 se
339 828 433 891 pares
448 806 633 889 crimenque
647 810 756 888 putas,
772 805 835 870 hoo
850 804 963 869 Medus
977 804 1165 871 honestum

204 903 237 952 00
278 890 362 955 redit
377 895 409 955 et
423 891 464 955 ad
477 890 591 955 Persas
605 889 712 955 honor
726 893 775 953 est
789 890 817 953 si
832 891 976 953 membra
989 889 1147 955 uolucres
1246 942 1247 953 ,

251 974 310 1040 nri
332 976 410 1039 iant.
434 979 467 1039 et
480 975 571 1039 nulla
585 976 677 1039 detur
691 974 767 1037 licet
782 973 907 1039 ossibus
923 994 1012 1056 urna,

250 998 364 1122 Mollis
379 1059 522 1122 membra
535 1063 646 1123 tamen
661 1056 840 1123 condentur
854 1062 947 1141 rapta
961 1058 1136 1141 sepulcris.

251 1141 376 1225 Corpus
391 1142 520 1205 flamma
534 1163 678 1207 cremans
691 1142 838 1224 absumit,
850 1141 1165 1209 membraaoraales

250 1225 322 1291 Hoc
334 1226 423 1291 oanis
432 1226 496 1290 hoo
506 1226 654 1291 uolucres
665 1227 942 1309 faciuntuixossa
952 1226 1162 1309 relinquunt,
1247 1240 1248 1245 ’

201 1323 235 1371 85
249 1310 294 1376 Et
308 1332 406 1396 rogus
421 1332 493 1374 ossa
507 1312 601 1394 rapit.
624 1312 736 1375 forsan
751 1310 931 1376 seruabitur
944 1309 1075 1374 Hector

251 1394 298 1458 Ut
311 1396 491 1459 madefacta
506 1396 624 1459 cadant
639 1395 833 1461 siccantibus
849 1415 921 1458 ossa
935 1394 1087 1458 medullis

249 1478 295 1543 Et
308 1480 408 1564 longa
421 1479 480 1543 sub
494 1480 568 1544 tabe
582 1480 693 1545 fluent.
716 1480 779 1543 hoc
793 1482 910 1543 cuncta
923 1478 1072 1563 sepulcra

249 1563 420 1632 Exercent.
447 1569 557 1628 tamen
571 1564 719 1629 intererit
733 1564 819 1647 quod
833 1564 943 1627 clausa
955 1563 1101 1628 tenebris

100 1654 132 1705 [n-
145 1656 179 1705 ⁶9]
249 1647 443 1711 Putrescant
456 1648 602 1728 tumulis,
618 1652 653 1711 at
667 1648 720 1712 hic
734 1649 794 1711 sub
809 1648 881 1711 luce
894 1646 1084 1711 madescant

201 1745 234 1792 00
248 1733 471 1814 Aspectusque
484 1736 559 1795 tuos
572 1732 740 1797 funestent
754 1754 826 1796 ossa
841 1731 964 1795 diurnis

250 1814 391 1883 Uisihus.
406 1814 631 1880 Andromache
641 1816 801 1881 tumulum
812 1816 874 1879 sibi
888 1816 1007 1880 formet
1018 1816 1164 1882 inanem

249 1899 295 1965 Et
309 1921 438 1965 eausam
452 1901 591 1965 lacrimis
606 1900 704 1966 faciet
719 1923 815 1984 quam
830 1900 968 1983 denegat
981 1901 1099 1966 hostis.

250 1984 296 2049 Te
310 1989 429 2069 tamen,
444 1985 561 2050 Iliacae
575 1987 749 2069 populator
761 1985 878 2069 gentis,
893 1984 1055 2049 Achillem
1092 2026 1097 2032 ·

250 2068 407 2154 Sacrilegi
421 2072 484 2133 iam
498 2092 604 2153 poena
619 2075 737 2153 manet,
753 2070 809 2152 qui
823 2069 900 2133 uiua
912 2070 1092 2153 peremptis

201 2166 233 2212 95
246 2150 405 2217 Funestes
420 2154 579 2217 elementa
592 2155 683 2219 uiris.
704 2153 918 2237 corrumpitur
933 2174 987 2217 aer

250 2234 419 2318 Mortibus
434 2237 519 2301 unde
535 2242 623 2301 caret
637 2239 732 2303 tellus
747 2238 899 2302 uitalibus
915 2238 1012 2315 auris,

249 2319 282 2384 N
283 2340 327 2385 on
341 2342 441 2405 purus
456 2322 515 2385 sub
530 2324 597 2386 sole
613 2322 690 2403 dies,
705 2344 774 2387 non
788 2322 892 2386 sidera
905 2322 1011 2385 noctis

249 2405 423 2489 Impolluta
438 2406 573 2490 micant,
588 2407 756 2471 fuscantur
770 2428 891 2470 cornua
905 2406 1010 2489 lunae,

249 2488 402 2554 Sordibus
417 2494 450 2554 et
462 2494 568 2555 totum
584 2491 664 2555 caeli
682 2513 754 2556 mox
767 2491 871 2555 inficit
886 2491 1004 2554 orbem.

188 2588 236 2633 100
250 2573 327 2637 Non
342 2574 492 2638 Phoebus
505 2574 629 2639 Danais
643 2576 773 2640 morbos
779 2596 870 2656 ‚non
886 2573 982 2637 Troia
996 2572 1152 2660 Pelasgis

249 2656 353 2720 Infert
369 2663 426 2721 aut
439 2662 550 2722 natam
564 2666 713 2742 repetens
728 2664 903 2743 porcestre
918 2658 1065 2722 sacerdos

250 2738 388 2824 Chryses
403 2742 608 2823 Apollineus:
624 2743 701 2808 hinc
716 2748 792 2808 sunt
806 2743 882 2807 hinc
896 2742 1012 2806 funera
1026 2748 1165 2809 maesta

249 2822 401 2889 Fortibus
417 2829 450 2889 et
463 2825 583 2889 bellum
598 2828 722 2911 geritur
736 2849 808 2892 cum
823 2830 926 2891 morte
942 2832 1088 2891 cruenta.

248 2909 371 2975 Hector
384 2910 419 2974 in
433 2910 525 2974 hoste
540 2910 603 2973 fuit
618 2933 732 2975 saeuus
747 2932 819 2975 cum
834 2915 903 2975 uita
916 2916 1072 2992 maneret,

270 3060 302 3109 81
325 3058 395 3109 nulli
416 3074 486 3108 corr.
506 3056 602 3107 Buect.
680 3060 713 3109 82
736 3056 889 3123 sepulchris
966 3059 999 3108 83
1020 3060 1165 3122 suppleuit

185 3124 282 3174 Bacch„
352 3128 386 3177 86
404 3125 474 3177 male
493 3125 573 3175 facta
590 3139 657 3175 corr.
677 3125 771 3175 Boset.
789 3123 793 3189 1
814 3124 983 3175 siccantibus
1001 3140 1164 3191 quemquam

183 3193 297 3255 permira
321 3195 414 3243 dictim
436 3199 476 3243 est
497 3199 579 3242 tamea
603 3194 688 3243 nescio
712 3208 768 3242 num
785 3192 943 3242 scribendum
960 3194 996 3241 cil
1014 3192 1159 3258 siccatis!

185 3255 305 3307 modulis
332 3275 368 3309 ex
396 3260 524 3310 medullis
552 3276 647 3309 rasura
736 3262 770 3311 87
799 3259 947 3323 sepulchra
1029 3258 1063 3309 89
1095 3275 1161 3310 ma-

185 3323 301 3373 descunt
317 3342 387 3376 corr.
406 3327 503 3379 Buect.
589 3330 623 3377 94
639 3335 700 3391 post
717 3342 806 3391 poena
823 3342 918 3377 rasura
1003 3327 1036 3375 96
1054 3326 1148 3379 tellus

184 3391 277 3443 laesus
346 3394 379 3442 98
397 3391 547 3457 lmpullata
564 3410 633 3444 corr.
652 3394 747 3444 Boset.
764 3398 769 3455 Ι
784 3394 928 3444 sulcentur
945 3408 1013 3447 corr.
1026 3393 1130 3444 Bacch.

185 3460 249 3574 gree
300 3460 333 3508 99
349 3458 413 3518 fort.
431 3475 503 3509 mors
556 3462 604 3510 101
624 3462 731 3512 inseret
748 3462 925 3514 corr.Buech.
941 3458 946 3523 Ι
962 3466 1047 3511 nauta
1103 3464 1159 3514 102

210 3538 287 3589 ryses
