2500 3917
456 249 696 301 surrsmorro
1022 248 1063 313 87

208 398 351 465 Horrida
366 420 559 463 concurrens
573 400 686 463 uincat
699 399 734 462 in
750 420 839 463 arma
853 399 1009 464 fremens:

165 484 236 549 Rex
251 484 308 567 qui
322 482 379 547 dat
392 482 522 547 ueniam
536 484 680 548 subiecto
697 485 729 547 et
743 485 902 566 temperat
915 484 989 567 iras,

93 581 152 630 212
209 568 288 633 Plus
303 589 400 651 quam
413 568 509 631 turba
522 566 615 651 facit,
632 567 688 650 qui
703 588 760 631 sua
775 568 872 631 corda
886 568 1004 633 domat.

167 652 212 717 Te
227 653 305 716 deus
320 652 479 735 aspiciens
494 651 656 716 effundere
670 652 758 715 nolle
774 672 930 735 cruorem,

212 736 259 801 Ut
272 737 342 800 sine
357 740 488 819 peccato
503 757 571 801 non
582 736 651 799 sine
666 735 759 799 laude
775 735 873 819 daret,

168 820 316 885 Contulit
329 820 455 884 absenti
469 824 573 885 terrae
587 819 759 903 pelagique
773 820 970 903 triumphos:

211 905 327 969 Ansila
340 908 486 987 testatur,
501 903 633 969 Maurus
648 904 768 987 ubique
782 903 885 969 iacet

96 1001 152 1050 215
170 986 262 1063 Quod
276 991 413 1072 pereunt
426 989 536 1053 hostes
552 988 637 1073 regis
651 988 784 1052 fortuna
798 992 943 1072 uocatur,

210 1071 304 1148 Quod
341 1075 455 1137 ereunt
467 1073 580 1157 populi
595 1072 750 1155 temporis
767 1072 844 1137 ordo
860 1074 958 1159 regit:

165 1156 251 1220 Nam
267 1157 294 1220 si
309 1095 457 1221 <labilitas
472 1158 592 1221 faceret
606 1156 782 1221 discurrere
797 1162 926 1240 mortes,

209 1239 242 1305 N
244 1261 287 1304 on
302 1241 453 1305 caderent
466 1263 547 1324 puer
562 1245 619 1304 aut
632 1240 754 1304 femina
768 1262 861 1305 sexus
876 1242 973 1306 iners.

169 1323 286 1388 Omnia
298 1329 426 1408 tempus
437 1327 514 1410 agit,
521 1347 594 1389 cum
605 1328 750 1407 tempore
758 1330 875 1389 cuncta
886 1326 1068 1410 trahuntur,

99 1421 154 1470 220
212 1408 372 1493 Tempora
386 1415 465 1473 eunt
479 1411 575 1492 uitae,
590 1413 737 1492 tempora
751 1410 864 1473 mortis
881 1413 973 1474 eunt:

168 1490 230 1560 Sex
245 1497 322 1557 sunt
336 1496 456 1557 aetates
470 1494 638 1558 hominum
654 1493 882 1576 proculusque
898 1499 1070 1577 senectam,

209 1577 279 1641 Hae
294 1577 446 1642 distincta
459 1582 573 1641 tenent
587 1582 734 1660 tempora
749 1599 893 1661 quaeque
909 1600 976 1643 sua.

168 1662 198 1726 N
201 1662 324 1745 unquid
336 1662 520 1726 adultorum
534 1662 687 1745 strepitus
702 1662 841 1725 infantia
855 1662 991 1747 simplex

210 1744 363 1810 Uindicat
376 1750 433 1810 ant
446 1747 594 1810 fremitus
608 1748 702 1830 pigra
717 1750 863 1810 senectus
878 1746 997 1812 habet?

101 1841 155 1891 225
170 1828 202 1894 N
204 1851 248 1893 on
263 1830 435 1895 catulaster
449 1830 685 1977 agilpl'uefflia'
700 1852 768 1894 non
783 1852 863 1913 puer
878 1832 974 1895 audet

210 1916 391 1978 Attrectare
405 1919 497 1979 tener
548 1916 630 1978 artia
645 1915 711 1977 tela
724 1936 832 1977 manu.

167 1996 200 2062 N
202 2019 244 2061 on
258 1998 339 2062 furit
352 1999 388 2062 in
399 1998 560 2063 Uenerem
573 1999 719 2063 nondum
733 1998 931 2081 pubentibus
946 1997 1040 2061 annis

209 2082 242 2146 N
243 2104 279 2146 ec
294 2082 353 2147 sub
370 2083 449 2147 flore
465 2105 565 2168 genae
580 2082 740 2147 marcidus
756 2086 805 2145 est
819 2081 956 2165 1111121112,

167 2164 314 2230 Maturus
328 2171 461 2249 tractat,
478 2169 579 2252 gemit
593 2171 626 2231 et
640 2165 851 2230 tremebunda
866 2170 1012 2230 senectus

101 2262 156 2313 280
211 2250 328 2315 Nescia
342 2251 480 2316 feruoris
493 2252 547 2315 uel
560 2250 704 2317 leuitatis
718 2252 822 2333 inops

167 2333 324 2419 Numquid
337 2358 414 2400 mox
428 2340 520 2400 natas
535 2339 660 2420 segetes
674 2334 764 2398 uiror
778 2338 882 2397 armat
896 2333 1002 2397 aristis

210 2418 361 2483 Floribus
376 2425 433 2484 aut
446 2421 565 2505 genitis
579 2420 703 2484 fructus
718 2420 803 2482 inest
817 2417 947 2481 subito?

167 2501 328 2567 Nouimus
343 2509 429 2569 astra
442 2504 511 2587 poli
526 2503 691 2568 confectos
705 2502 838 2585 perdere
854 2522 963 2565 cursus

211 2586 466 2672 Transactasque
481 2587 578 2651 simul
593 2588 639 2651 sic
654 2586 807 2670 repetisse
822 2584 901 2650 uias.

102 2683 157 2733 235
171 2670 330 2755 Tempore
343 2673 423 2736 luna
437 2694 495 2736 suo
511 2672 626 2737 crescit
640 2671 693 2735 uel
708 2670 815 2735 deficit
830 2672 916 2753 orbe,

211 2754 310 2821 Cuius
325 2757 366 2821 ad
379 2760 519 2821 aetatem
533 2756 673 2840 plurima
686 2756 757 2839 lege
772 2758 898 2819 notant.

167 2838 200 2904 N
201 2862 253 2903 arn
268 2840 347 2905 luna
363 2846 524 2906 crescente
538 2843 660 2905 fretum
674 2842 837 2904 crementa
852 2837 994 2921 resumit,

211 2923 283 3000 Qua
297 2926 463 2989 minuente
477 2925 561 3009 polis
576 2930 626 2989 est
640 2924 747 2989 minor
761 2922 848 2987 unda
861 2921 967 2985 maris

169 3006 310 3091 Cynthia
325 3009 401 3073 dum
416 3010 529 3073 crescit
543 3009 649 3073 fontes
665 3012 697 3072 et
711 3007 846 3071 flumina
860 3007 1016 3087 crescunt,

100 3104 155 3152 240
208 3090 300 3159 Haec
316 3094 427 3158 eadem
442 3094 596 3179 minuunt
611 3091 753 3176 Cynthia
767 3092 843 3155 dum
858 3088 985 3153 minuit.

176 3266 227 3315 208
248 3264 336 3315 11111211
408 3267 458 3315 213
477 3264 602 3315 Consulit
619 3281 654 3314 ex
672 3264 834 3327 interpolatis
856 3278 925 3315 corr.
945 3262 1075 3313 Arctatus

146 3332 197 3381 214
222 3333 317 3381 Marus
343 3348 379 3383 ecc
403 3335 566 3397 interpolatis
587 3348 656 3383 corr.
678 3332 808 3381 Areuolus
881 3330 931 3379 218
954 3331 1032 3394 pueri

100 3399 153 3448 225
176 3398 327 3449 catulaster
348 3416 418 3454 corr.
436 3416 472 3451 ea·
493 3400 650 3450 cetuiuoter
670 3415 735 3449 mon.
754 3414 807 3448 rec.
825 3396 979 3447 catulastra
1001 3396 1074 3461 gerit

100 3464 225 3517 St'mond
298 3470 348 3519 231
365 3468 446 3531 uigor
462 3472 555 3518 mauult
567 3468 697 3517 Arctatus
765 3466 814 3516 236
832 3466 904 3514 malis
928 3468 955 3513 et
1023 3464 1072 3513 239

100 3532 221 3593 Quintia
289 3536 341 3586 240
364 3538 446 3604 untia
690 3558 692 3562 ·
