2500 3917
384 238 409 287 v
430 236 566 287 sor-ero
584 237 635 287 .v1
658 238 740 286 1-24
1005 236 1047 301 21

159 386 245 470 Eup.
266 386 494 451 controuersia
507 387 636 451 statuae
649 387 716 452 uiri
729 386 825 453 fortis
839 406 933 469 quem
947 388 1033 455 dixit

242 475 278 539 in
292 473 490 557 Gargiliums
503 475 639 539 thermis
652 476 797 541 Blossius
809 476 945 543 Emllius

184 640 185 643 Ἴ
260 564 455 628 Dracontius
468 564 522 629 vir
536 563 734 630 clarissimus
747 567 782 630 et
793 566 927 647 togatus

283 650 347 716 ieri
360 652 562 734 proconsulis
575 652 677 717 dmee
691 654 904 736 Karthaginis

319 739 405 823 epod
418 739 639 823 proconsulem
651 740 865 824 Pacidegium.

386 977 442 1045 VI.
477 980 738 1063 Epithalamium.
1058 1001 1088 1054 p.
1101 1000 1135 1053 a]

136 1098 276 1184 Egregii
291 1099 425 1164 iuuenes
440 1105 470 1165 ct
482 1101 587 1185 gloria
600 1123 726 1165 summa
739 1106 920 1185 pareutum,

136 1184 269 1248 Foedus
285 1184 455 1267 amicitiae,
471 1184 617 1249 solamen
631 1185 752 1270 grande
767 1186 932 1269 clientum,

137 1266 259 1331 Dulcia
274 1268 411 1332 cantatis
426 1268 502 1333 dum
516 1269 602 1333 uotis
618 1269 761 1333 earmina
774 1271 901 1352 uestris,

138 1352 313 1416 Facundos
328 1374 387 1416 uos
401 1352 480 1416 fecit
494 1375 594 1417 amor.
624 1352 736 1417 Uenus
751 1355 845 1436 alma,
860 1357 1001 1435 potestas

98 1450 117 1497 5
132 1436 310 1520 Delphica,
327 1437 566 1519 flammipotens
581 1438 712 1501 inclusit
726 1438 847 1520 temple
862 1436 996 1519 Cupido.

137 1520 302 1603 Tempora
316 1521 382 1584 iam
395 1520 487 1585 lauro
503 1522 557 1585 uel
570 1529 678 1605 myrto
694 1522 813 1607 cingite
829 1522 953 1585 frontes

137 1604 187 1669 Et
200 1604 298 1668 uiolis
313 1609 427 1669 ornate
443 1626 560 1687 eomas,
576 1606 654 1669 dent
668 1605 742 1671 alba
756 1628 892 1671 coronas

137 1688 227 1753 Lilia
240 1688 342 1751 mixta
357 1689 450 1772 rosis,
466 1690 585 1753 candor
598 1691 769 1775 pallorque
783 1692 945 1774 ruborque

139 1772 295 1837 Crinibus
309 1772 430 1837 insidat
446 1774 502 1855 qui
516 1778 633 1837 uernat
646 1776 681 1838 in
697 1798 751 1839 ore
767 1776 892 1859 puellis,

83 1870 121 1918 10
135 1856 291 1921 Floribus
306 1858 476 1922 ambrosiis
488 1858 652 1942 sponsalia
665 1863 751 1923 serta
764 1860 916 1943 ligentur.

137 1940 248 2006 Saltet
261 1941 472 2023 Apollineum
486 1941 588 2006 Musis
604 1944 808 2005 cantantibus
823 1963 949 2026 agmen,

137 2026 268 2089 Laurea
283 2030 368 2089 serta
383 2027 483 2090 comis
497 2027 645 2109 imponat
659 2026 795 2109 pulchra
808 2025 925 2109 Dione,

136 2109 292 2173 Pallados
307 2110 487 2174 armisonae
503 2111 624 2174 crinem
638 2112 768 2193 praecio
793 2113 827 2174 at
842 2110 938 2192 oliua,

135 2196 245 2257 Arma
258 2193 343 2257 ferat
357 2193 472 2258 Martis
487 2195 603 2277 quibus
618 2198 651 2258 et
664 2132 835 2278 proludere
849 2195 953 2259 nostis

85 2292 121 2339 1⁵
136 2278 188 2341 Et
200 2278 324 2341 bellum
337 2279 364 2341 si
378 2282 506 2361 tempus
522 2284 595 2363 eget
608 2279 751 2361 perferre
767 2280 891 2344 uoletis.

135 2362 284 2426 Interius
299 2384 359 2426 uos
374 2362 469 2426 Musa
483 2362 594 2427 Uenus
610 2362 824 2445 Phoebusque
839 2362 964 2446 Cupido

135 2446 187 2511 Et
200 2446 352 2510 Bromius
367 2447 511 2529 possedit
523 2447 663 2530 Hymen,
678 2448 764 2510 Mars
780 2447 876 2510 saltat
890 2467 1014 2509 amores

135 2530 185 2595 Et
199 2529 363 2595 Uenerem
377 2531 505 2614 placare
520 2532 618 2614 cupit,
636 2532 686 2595 cui
700 2532 820 2594 militat
835 2530 940 2594 omnis

135 2614 305 2678 Marcidus
321 2620 354 2678 et
368 2615 463 2679 nudis
477 2615 561 2679 ludit
575 2620 650 2699 post
663 2638 753 2679 arma
766 2614 904 2697 lacertis,

79 2712 117 2759 20
133 2702 189 2762 Ao
203 2699 398 2763 furibundus
407 2702 510 2763 Amor
521 2699 658 2764 Ueneris
673 2723 731 2783 per
743 2704 846 2764 casua
856 2699 1044 2783 triumphat,

133 2782 181 2847 In
195 2783 349 2867 praedam
364 2805 481 2848 uenere
497 2783 548 2847 dei
563 2785 712 2848 uincente
727 2784 842 2848 Dione.

134 2866 231 2951 Ergo
247 2865 362 2931 Uenus
376 2870 409 2931 te
424 2868 518 2932 docta
533 2889 613 2932 uoco
630 2868 769 2932 facunda
782 2868 896 2950 perita,

134 2950 204 3015 Per
219 2973 333 3015 sensus
348 2956 380 3015 te
395 2952 494 3016 funde
510 2973 607 3016 meos.
638 2957 695 3016 tua
708 2952 827 3037 gaudia
841 2951 979 3032 seruent,

134 3034 267 3119 Sponte
281 3036 392 3099 uenire
409 3036 508 3119 decet,
524 3058 592 3100 non
606 3040 639 3100 te
655 3038 746 3101 decet
759 3037 806 3099 ire
821 3039 978 3119 rogatam.

137 3192 169 3240 in
192 3190 384 3253 subscriptione
404 3190 583 3254 Gurguliauis
605 3192 640 3255 cf.
658 3194 764 3240 indicem
788 3189 793 3253 Ι
817 3204 910 3239 ermae
929 3189 1049 3241 Kartha·

60 3257 146 3319 ginis
165 3257 252 3320 {fort
265 3258 426 3308 scribendum
443 3258 606 3308 Pacideium
660 3261 673 3307 1
692 3266 751 3307 onte
769 3273 868 3307 uersum
885 3262 1049 3321 corruptelae

57 3332 129 3375 mota
151 3328 324 3389 conspicitur.
348 3329 457 3389 spatium
474 3328 586 3376 relictum
605 3332 644 3376 est
712 3325 850 3376 tineusit
866 3340 935 3375 corr.
952 3326 1051 3376 Bacch.

58 3408 96 3439 an
121 3392 259 3442 inuasit?
340 3394 372 3443 13
395 3394 535 3443 emisenae
563 3396 667 3443 crimen
694 3394 856 3457 corruptelae
880 3402 943 3444 nota
964 3394 1052 3443 uersus'

53 3462 199 3523 praefixa
218 3464 258 3510 est
344 3462 377 3509 22
395 3460 465 3510 duco
488 3460 515 3525 (o
533 3463 559 3512 in
576 3459 681 3524 rasura)
700 3476 769 3514 corr.
788 3460 885 3515 Boecl.
954 3463 988 3510 24
1006 3476 1051 3511 ro·

56 3533 170 3590 gotum
190 3542 264 3579 corr.
282 3527 380 3578 Bacch.
