2500 3917
184 247 228 311 90
549 236 789 297 sarrsrAcuro

289 396 353 462 Hic
368 419 441 462 reus
456 400 489 461 ct
504 396 616 462 doctus
631 394 840 461 Uincemalos
855 394 973 460 fuerat.

247 482 279 546 N
282 503 325 564 on
339 482 471 546 laedunt
486 481 603 545 delicta
617 480 728 563 deum,
743 479 799 545 sed
813 479 953 544 laeditur
967 482 1082 545 auctor

291 565 335 629 Ni
350 568 480 648 peccata
495 566 607 629 dolens
645 565 787 629 aeniteat
801 564 941 629 sceleris.

185 661 235 711 305
251 648 312 723 Qui
328 651 433 732 poscit
446 649 507 713 hac
521 649 593 735 lege
630 670 704 713 eum
718 651 756 713 ut
768 652 904 732 peccata
917 648 1049 732 relaxet,

291 733 398 798 Debet
411 739 444 797 et
457 734 527 817 ipsc
542 755 600 798 suo
616 753 747 816 parcere
762 732 882 817 ubique
898 753 964 797 rec.

248 817 281 882 N
282 840 326 882 on
340 819 439 882 semel
452 818 579 902 ignosci
594 817 676 881 dixit
690 816 742 879 lex
756 820 868 882 sancta
881 820 1017 900 reatum,

293 901 354 966 Sed
369 904 519 985 quotiens
534 902 629 984 culpa
644 904 693 965 est
707 902 750 965 sit
763 901 883 965 totiens
898 901 1007 965 uenia.

249 985 363 1050 Dicam
378 987 530 1071 regnanti
545 986 676 1049 domino
691 986 746 1068 pia
760 986 861 1049 uerba
874 985 1067 1069 prophetae:

184 1082 237 1131 310
294 1069 382 1133 ‘Etsi
396 1071 527 1153 peccaui
542 1091 613 1133 sum
628 1072 738 1133 tamen
752 1070 822 1152 ipse
836 1074 933 1133 tuus'.

251 1152 303 1216 Da
316 1154 456 1236 ueniam,
470 1156 621 1217 miserere
636 1174 759 1237 precor,
776 1174 925 1217 succurre
940 1152 1081 1237 roganti,

291 1236 435 1302 Pristinc
449 1238 614 1301 sufficiant
626 1239 764 1301 uerbera
778 1238 887 1301 uincla
903 1237 1014 1301 fames.

251 1319 414 1385 Sessorem
429 1322 505 1386 dum
521 1322 624 1404 carpit
638 1322 700 1385 iter
715 1322 742 1385 si
758 1342 876 1385 cornea
889 1322 1025 1405 pulsans

293 1405 426 1491 Ungula
441 1406 605 1471 concutiat
620 1406 892 1489 quadrupedantis
908 1406 993 1489 equi,

188 1501 239 1550 315
254 1488 397 1554 Uerbere
412 1491 585 1575 corrigitur
600 1490 695 1573 culpa
708 1490 870 1573 plectente
884 1489 1033 1574 flagello:

293 1574 371 1639 Non
385 1575 482 1639 simul
496 1575 611 1639 abscisi
626 1596 720 1638 crura
734 1574 894 1657 pedesque
910 1575 1027 1639 iacent.

299 1725 443 1808 Explicit
460 1726 641 1793 satisfactio
661 1727 829 1793 Dracontii
847 1726 889 1793 cd
903 1726 1098 1794 Guthamuu-

254 1812 327 1878 dum
348 1831 456 1897 ragom
475 1813 711 1881 (tucudclorum
729 1815 803 1881 dum
822 1818 907 1882 essct
923 1816 959 1881 iu
977 1808 1128 1882 uinculis.

256 2006 305 2054 302
323 2004 412 2055 Uinco
430 2007 518 2057 malos
536 2009 588 2057 uid.
607 2009 714 2057 indicem
725 2006 903 2057 Uincomalus
915 2008 1048 2057 Areualua
1107 2006 1154 2057 307

186 2071 223 2131 ef.
241 2072 335 2120 Manli.
354 2075 386 2122 18
404 2088 475 2127 2121
495 2076 560 2125 Luc.
580 2076 611 2125 17
629 2089 675 2129 ar
743 2076 792 2124 310
814 2070 890 2139 Etsi]
914 2078 943 2123 et
965 2074 1072 2125 deleuit
1093 2090 1154 2123 man.

187 2153 240 2186 reo.
263 2140 297 2199 cf.
319 2139 436 2202 Sapient.
457 2143 518 2193 152
595 2144 645 2191 313
665 2148 727 2205 post
749 2143 774 2189 si
797 2144 893 2205 exigua
914 2144 994 2191 litura
1014 2142 1019 2207 Ι
1038 2140 1154 2209 palpans

187 2218 256 2257 corr.
269 2206 396 2256 Arenata
458 2210 508 2257 316
527 2208 644 2258 abscissi
662 2210 791 2258 Areualus
858 2209 975 2259 Ceterum
992 2212 1094 2260 ultimae
1109 2224 1155 2273 po·

185 2272 263 2335 piace
280 2274 339 2322 inde
357 2291 374 2323 α
391 2289 467 2323 uersu
479 2276 528 2325 307
549 2277 642 2325 literae
657 2278 754 2340 partim
765 2278 890 2327 euanr'dac
909 2278 1016 2340 difficile
1034 2280 1155 2339 loquutur.
