2500 3917
200 240 241 303 38
606 236 760 288 HELENA

201 403 251 450 235
263 390 380 453 Iliacos
394 410 542 471 proceres
560 392 625 450 tres
640 392 748 450 tecum
760 406 897 469 pergere
911 386 1029 450 saltem

264 474 405 555 lmperio
421 471 558 535 concede
573 494 662 551 meo,
677 470 862 534 ueneranda
875 475 1028 535 senectus

265 558 479 639 Praecipitem
494 557 601 619 frenat
615 556 749 619 monitis
763 576 823 637 per
836 559 956 619 cuncta
969 556 1151 619 iuuentam.
1241 555 1243 646 l

265 641 424 725 Egregios
439 642 572 703 comites
587 645 747 722 praestem
760 640 836 720 tibi,
851 639 978 703 lumina
993 640 1105 724 gentis

264 725 404 789 Hectore
419 726 563 807 praelato
580 726 633 787 cui
645 729 716 787 tota
728 724 878 806 potentia
891 723 993 787 cedit:

202 824 252 872 ‘240
263 812 414 873 Antenor
427 808 619 891 Polydamas
634 813 729 871 erunt
743 809 935 891 iuuenisque
949 808 1082 873 Dionae

265 897 392 957 Aeneas
408 898 564 978 cognatus
579 893 699 956 adest’
727 893 774 955 sic
788 892 887 956 fatus.
917 898 950 957 et
965 914 1081 957 omnes
1242 903 1244 970 l

168 990 174 1000 “
266 978 313 1042 Ut
327 980 461 1041 ueniant
475 1000 531 1041 res
546 980 614 1060 ipse
629 978 719 1041 iubet
731 982 928 1059 properante
941 978 1106 1041 ministro.
1242 977 1244 986 '

266 1062 347 1127 Cum
364 1063 495 1126 ducibus
509 1064 592 1125 redit
607 1063 677 1145 ipse
691 1062 806 1125 uolans
819 1061 862 1124 ad
876 1066 964 1125 tecta
976 1062 1108 1125 satelles

265 1146 384 1230 Regia,
400 1152 600 1231 cognoscunt
614 1168 764 1229 proceres
777 1168 843 1229 quo
857 1146 934 1210 uela
946 1151 1123 1229 parantur,

111 1250 144 1297 [a
153 1251 188 1299 sn
203 1244 253 1291 245
264 1230 333 1295 Nec
348 1254 453 1313 mora,
470 1230 689 1295 conscendunt
702 1253 827 1314 puppes
842 1235 876 1294 et
893 1231 992 1295 litora
1004 1231 1170 1315 linquunt.
1243 1253 1245 1318 l

267 1316 419 1379 Dardana
433 1318 496 1379 iam
512 1317 622 1379 classis
637 1316 792 1379 Tenedon
805 1315 983 1397 transibat,
999 1316 1144 1398 Abydon

266 1401 311 1464 Et
327 1401 442 1465 Seston
458 1402 578 1464 dimisit
592 1401 685 1483 aquis
700 1421 876 1483 saeuasque
890 1399 1030 1483 Maleas,

267 1486 335 1549 Iam
352 1485 515 1549 Salamina
530 1485 642 1548 uident
656 1484 845 1548 Telamonia
858 1505 961 1568 regna
974 1488 1136 1567 petentes.

269 1569 315 1633 Et
329 1576 460 1652 portum
475 1570 610 1653 tetigere
624 1573 724 1652 rates,
739 1590 951 1632 moxancora
964 1569 1096 1633 mordet
1244 1603 1246 1644 Ι

205 1666 255 1713 250
269 1653 361 1717 Litus
377 1659 409 1715 et
423 1655 572 1716 inuentas
587 1654 709 1716 ferrum
723 1652 890 1735 pertundit
902 1652 1053 1720 harenas

266 1738 434 1820 Puppibus
449 1737 580 1800 adnexis
594 1742 713 1800 terram
727 1736 869 1801 Troiana
882 1737 1036 1801 iuuentus

267 1822 311 1884 Et
325 1843 473 1904 proceres
487 1823 608 1905 petiere
624 1822 729 1885 simul.
758 1822 816 1885 sed
829 1822 915 1905 regis
930 1822 972 1885 ad
986 1821 1094 1885 aulam

269 1906 466 1989 Linquentes
481 1928 557 1971 mox
571 1906 648 1969 litus
663 1911 751 1969 eunt.
782 1927 864 1990 quos
881 1906 1017 1989 suscipit
1030 1906 1129 1971 heros

268 1990 420 2074 Hospitio
436 1991 601 2055 Telamon.
631 2013 738 2055 ramos
752 1990 933 2054 frondentis
949 1992 1056 2054 oliuae

204 2087 254 2135 255
266 2076 438 2139 Portantes
454 2077 494 2139 ad
508 2080 595 2139 tecta
610 2076 698 2139 ducis
713 2076 772 2138 sub
787 2076 928 2159 imagine
942 2076 1031 2157 pacis
1115 2101 1118 2109 ·

268 2158 346 2222 Non
360 2181 471 2241 pacem
488 2159 543 2222 sed
557 2160 643 2222 bella
656 2163 788 2244 gerunt,
808 2181 883 2223 nam
899 2160 986 2223 dicta
999 2160 1157 2223 tenebant

269 2243 357 2317 Quae
372 2248 504 2325 possent
518 2265 641 2307 armare
656 2244 762 2306 uirum
778 2244 841 2307 nisi
855 2245 927 2307 iura
940 2247 1091 2307 uetarent

268 2326 411 2410 Hospitii
427 2349 508 2411 quae
523 2349 618 2391 nemo
634 2332 727 2411 parat
740 2327 863 2391 uiolare
878 2327 1051 2391 modestus.

269 2411 357 2496 Rege
373 2413 510 2476 salutato
525 2419 698 2496 postquam
712 2412 832 2496 legatio
847 2411 963 2476 Troiae

205 2510 255 2557 260
269 2496 372 2579 Sedit,
389 2503 421 2561 et
435 2500 583 2563 Antenor
597 2497 723 2580 placida
738 2498 784 2559 sic
798 2518 877 2560 uoce
893 2496 1056 2579 profatur:

269 2580 485 2664 ‘Troiugenas
500 2603 648 2665 proceres
664 2585 696 2645 et
710 2581 795 2665 regis
809 2582 928 2665 pignus
943 2581 984 2644 ad
998 2580 1123 2663 aulam,

268 2663 337 2727 Rex
353 2664 523 2747 Telamon,
539 2666 666 2730 uenisse
680 2670 769 2729 tuam
784 2687 866 2748 quae
881 2687 978 2729 causa
991 2665 1101 2748 coegit

268 2748 436 2811 Insinuare
451 2748 557 2813 decet:
582 2752 609 2813 si
624 2750 754 2813 iusseris
768 2750 852 2831 ipse,
866 2750 1042 2833 loquentur

269 2832 442 2898 Consortes
456 2855 544 2897 nunc
559 2855 614 2897 ore
629 2857 702 2898 meo
716 2833 770 2897 uel
784 2834 874 2917 regia
886 2832 1002 2916 proles.

205 2932 255 2980 265
267 2916 466 2982 Dardanides
481 2918 627 2982 Priamus
643 2919 749 3003 gentis
766 2923 933 3001 reparator
948 2921 981 2980 et
995 2916 1084 2980 urbis

269 3002 372 3078 Quam
384 3006 507 3067 uestras
517 3002 689 3086 populasse
700 3025 814 3067 manus
824 3002 1009 3066 meminisse
1019 3000 1176 3083 fatemur,

273 3194 322 3242 237
345 3192 496 3242 nimentam
518 3208 588 3244 corr.
607 3192 659 3241 li!
741 3194 791 3241 238
808 3196 859 3241 tua
876 3206 944 3241 corr.
962 3189 1060 3238 Buceb.
1081 3205 1115 3237 m.
1133 3190 1177 3238 rlr.

204 3261 255 3308 240
276 3258 560 3321 Polidamaleiona
645 3262 695 3309 243
713 3260 773 3308 redi
795 3274 865 3309 corr.
887 3257 937 3307 IM
1022 3255 1180 3306 scabella

205 3340 273 3374 corr.
293 3323 388 3374 Bueelr.
457 3328 508 3375 246
525 3326 616 3375 ahdon
635 3342 704 3376 corr.
723 3326 771 3375 IM
839 3326 888 3375 247
907 3325 989 3389 aqius
1006 3339 1078 3373 corr.
1097 3323 1177 3383 ΙΜΙ

204 3404 292 3439 uouas
315 3404 394 3438 uacuo
412 3397 441 3439 ut
460 3393 561 3441 uidetur
582 3397 669 3456 spatio
689 3399 781 3455 postea
802 3394 958 3456 inscriptam.
994 3404 1095 3441 curuos
1121 3391 1139 3440 1
1145 3392 1182 3440 M

206 3457 256 3505 260
275 3456 378 3503 inuitas
396 3456 493 3506 Bueclae.
510 3474 540 3510 m.
553 3460 592 3510 rlr.
644 3460 693 3508 259
712 3458 832 3508 salutato
849 3474 919 3509 corr.
940 3458 988 3507 IM
1039 3460 1090 3508 260
1106 3458 1180 3520 fort.

205 3521 322 3571 Sederat
383 3522 432 3569 262
449 3522 580 3573 Telamon
640 3527 690 3576 263
709 3524 790 3575 decet
808 3530 837 3577 et
854 3527 879 3576 si
895 3526 1011 3575 uisceris
1029 3540 1102 3578 corr.
1121 3525 1139 3574 1
1145 3525 1185 3574 M
