<?xml version="1.0" encoding="UTF-8"?>
<!DOCTYPE html PUBLIC "-//W3C//DTD XHTML 1.0 Transitional//EN"
    "http://www.w3.org/TR/xhtml1/DTD/xhtml1-transitional.dtd">
<html xmlns="http://www.w3.org/1999/xhtml" xml:lang="en" lang="en">
 <head>
  <title>
</title>
<meta http-equiv="Content-Type" content="text/html;charset=utf-8" />
  <meta name='ocr-system' content='tesseract 3.04.00' />
  <meta name='ocr-capabilities' content='ocr_page ocr_carea ocr_par ocr_line ocrx_word'/>
</head>
<body>
  <div class='ocr_page' id='page_1' title='image "./dracontiicarmin02dracgoog_0095.png"; bbox 0 0 2500 3917; ppageno 0'>
   <div class='ocr_carea' id='block_1_1' title="bbox 171 220 776 289">
    <p class='ocr_par' dir='ltr' id='par_1_1' title="bbox 171 220 776 289">
     <span class='ocr_line' id='line_1_1' title="bbox 171 220 776 289; baseline 0.003 -20"><span class='ocrx_word' id='word_1_1' title='bbox 171 223 214 289; x_wconf 75' lang='lat'><strong>32</strong></span> <span class='ocrx_word' id='word_1_2' title='bbox 537 220 776 272; x_wconf 69' lang='lat' dir='ltr'><strong>sumsuncmo</strong></span> 
     </span>
    </p>
   </div>
   <div class='ocr_carea' id='block_1_2' title="bbox 178 368 1127 3062">
    <p class='ocr_par' dir='ltr' id='par_1_2' title="bbox 178 368 1127 3062">
     <span class='ocr_line' id='line_1_2' title="bbox 185 368 953 453; baseline -0.004 -17"><span class='ocrx_word' id='word_1_3' title='bbox 185 387 220 436; x_wconf 81' lang='lat' dir='ltr'><strong>so</strong></span> <span class='ocrx_word' id='word_1_4' title='bbox 275 372 419 436; x_wconf 82' lang='lat' dir='ltr'><strong>Humida</strong></span> <span class='ocrx_word' id='word_1_5' title='bbox 433 393 506 435; x_wconf 85' lang='lat' dir='ltr'><strong>cum</strong></span> <span class='ocrx_word' id='word_1_6' title='bbox 520 371 612 435; x_wconf 81' lang='lat' dir='ltr'><strong>siccis</strong></span> <span class='ocrx_word' id='word_1_7' title='bbox 627 370 725 453; x_wconf 84' lang='lat' dir='ltr'><strong>ignea</strong></span> <span class='ocrx_word' id='word_1_8' title='bbox 739 390 814 434; x_wconf 88' lang='lat' dir='ltr'><strong>eum</strong></span> <span class='ocrx_word' id='word_1_9' title='bbox 828 368 953 453; x_wconf 79' lang='lat' dir='ltr'><strong>gelidis,</strong></span> 
     </span>
     <span class='ocr_line' id='line_1_3' title="bbox 234 454 1032 538; baseline -0.006 -17"><span class='ocrx_word' id='word_1_10' title='bbox 234 457 359 521; x_wconf 77' lang='lat' dir='ltr'><strong>Idttera</strong></span> <span class='ocrx_word' id='word_1_11' title='bbox 373 455 580 538; x_wconf 79' lang='lat' dir='ltr'>doctiloquax</span> <span class='ocrx_word' id='word_1_12' title='bbox 594 454 710 537; x_wconf 86' lang='lat' dir='ltr'><strong>apibus</strong></span> <span class='ocrx_word' id='word_1_13' title='bbox 727 456 867 537; x_wconf 79' lang='lat' dir='ltr'><strong>cognata</strong></span> <span class='ocrx_word' id='word_1_14' title='bbox 880 454 1032 536; x_wconf 87' lang='lat' dir='ltr'><strong>refertur,</strong></span> 
     </span>
     <span class='ocr_line' id='line_1_4' title="bbox 278 537 1070 617; baseline -0.004 -14"><span class='ocrx_word' id='word_1_15' title='bbox 278 540 357 617; x_wconf 83' lang='lat' dir='ltr'><strong>Quis</strong></span> <span class='ocrx_word' id='word_1_16' title='bbox 371 539 466 603; x_wconf 87' lang='lat' dir='ltr'><strong>datur</strong></span> <span class='ocrx_word' id='word_1_17' title='bbox 479 544 518 602; x_wconf 88' lang='lat' dir='ltr'><strong>ut</strong></span> <span class='ocrx_word' id='word_1_18' title='bbox 531 538 673 603; x_wconf 86' lang='lat' dir='ltr'><strong>habeant</strong></span> <span class='ocrx_word' id='word_1_19' title='bbox 690 538 825 601; x_wconf 86' lang='lat' dir='ltr'><strong>uulnera</strong></span> <span class='ocrx_word' id='word_1_20' title='bbox 840 541 944 601; x_wconf 82' lang='lat' dir='ltr'><strong>castra</strong></span> <span class='ocrx_word' id='word_1_21' title='bbox 958 537 1070 602; x_wconf 85' lang='lat' dir='ltr'><strong>fauos:</strong></span> 
     </span>
     <span class='ocr_line' id='line_1_5' title="bbox 235 621 1032 707; baseline -0.005 -18"><span class='ocrx_word' id='word_1_22' title='bbox 235 624 318 690; x_wconf 83' lang='lat' dir='ltr'><strong>Cera</strong></span> <span class='ocrx_word' id='word_1_23' title='bbox 331 624 386 687; x_wconf 84' lang='lat' dir='ltr'><strong>dat</strong></span> <span class='ocrx_word' id='word_1_24' title='bbox 400 624 569 707; x_wconf 82' lang='lat' dir='ltr'><strong>ingenium</strong></span> <span class='ocrx_word' id='word_1_25' title='bbox 583 622 701 705; x_wconf 86' lang='lat' dir='ltr'><strong>pueris,</strong></span> <span class='ocrx_word' id='word_1_26' title='bbox 716 621 894 705; x_wconf 88' lang='lat' dir='ltr'><strong>primordia</strong></span> <span class='ocrx_word' id='word_1_27' title='bbox 908 642 1032 705; x_wconf 84' lang='lat' dir='ltr'><strong>sensus,</strong></span> 
     </span>
     <span class='ocr_line' id='line_1_6' title="bbox 274 706 903 791; baseline -0.005 -19"><span class='ocrx_word' id='word_1_28' title='bbox 274 708 354 773; x_wconf 87' lang='lat' dir='ltr'><strong>Inde</strong></span> <span class='ocrx_word' id='word_1_29' title='bbox 368 708 407 772; x_wconf 91' lang='lat' dir='ltr'><strong>fit</strong></span> <span class='ocrx_word' id='word_1_30' title='bbox 420 713 457 771; x_wconf 91' lang='lat' dir='ltr'><strong>ut</strong></span> <span class='ocrx_word' id='word_1_31' title='bbox 470 708 575 791; x_wconf 79' lang='lat' dir='ltr'><strong>prosit</strong></span> <span class='ocrx_word' id='word_1_32' title='bbox 588 706 697 769; x_wconf 81' lang='lat' dir='ltr'><strong>littera</strong></span> <span class='ocrx_word' id='word_1_33' title='bbox 711 706 764 769; x_wconf 90' lang='lat' dir='ltr'><strong>uel</strong></span> <span class='ocrx_word' id='word_1_34' title='bbox 779 709 903 769; x_wconf 83' lang='lat' dir='ltr'><strong>noceat.</strong></span> 
     </span>
     <span class='ocr_line' id='line_1_7' title="bbox 185 789 1127 876; baseline -0.001 -20"><span class='ocrx_word' id='word_1_35' title='bbox 185 807 219 856; x_wconf 80' lang='lat' dir='ltr'><strong>ss</strong></span> <span class='ocrx_word' id='word_1_36' title='bbox 232 795 280 857; x_wconf 84' lang='lat' dir='ltr'><strong>As</strong></span> <span class='ocrx_word' id='word_1_37' title='bbox 303 794 331 856; x_wconf 87' lang='lat' dir='ltr'><strong>is</strong></span> <span class='ocrx_word' id='word_1_38' title='bbox 344 793 444 856; x_wconf 84' lang='lat' dir='ltr'><strong>habet</strong></span> <span class='ocrx_word' id='word_1_39' title='bbox 458 795 577 856; x_wconf 87' lang='lat' dir='ltr'><strong>mortes</strong></span> <span class='ocrx_word' id='word_1_40' title='bbox 591 790 690 854; x_wconf 84' lang='lat' dir='ltr'><strong>babet</strong></span> <span class='ocrx_word' id='word_1_41' title='bbox 704 793 737 854; x_wconf 87' lang='lat' dir='ltr'><strong>et</strong></span> <span class='ocrx_word' id='word_1_42' title='bbox 751 789 963 853; x_wconf 76' lang='lat' dir='ltr'><strong>medicamina</strong></span> <span class='ocrx_word' id='word_1_43' title='bbox 977 811 1127 876; x_wconf 81' lang='lat' dir='ltr'><strong>serpens,</strong></span> 
     </span>
     <span class='ocr_line' id='line_1_8' title="bbox 308 874 981 962; baseline -0.001 -23"><span class='ocrx_word' id='word_1_44' title='bbox 308 878 397 960; x_wconf 87' lang='lat' dir='ltr'><strong>ipera</strong></span> <span class='ocrx_word' id='word_1_45' title='bbox 412 897 507 959; x_wconf 85' lang='lat' dir='ltr'>saepe</span> <span class='ocrx_word' id='word_1_46' title='bbox 521 876 621 962; x_wconf 79' lang='lat' dir='ltr'><strong>iuuet,</strong></span> <span class='ocrx_word' id='word_1_47' title='bbox 637 874 749 957; x_wconf 85' lang='lat' dir='ltr'><strong>uipera</strong></span> <span class='ocrx_word' id='word_1_48' title='bbox 763 896 858 957; x_wconf 87' lang='lat' dir='ltr'><strong>saepe</strong></span> <span class='ocrx_word' id='word_1_49' title='bbox 871 878 981 938; x_wconf 78' lang='lat' dir='ltr'><strong>nocet.-</strong></span> 
     </span>
     <span class='ocr_line' id='line_1_9' title="bbox 234 957 949 1042; baseline -0.003 -16"><span class='ocrx_word' id='word_1_50' title='bbox 234 961 340 1026; x_wconf 82' lang='lat' dir='ltr'><strong>Gerua</strong></span> <span class='ocrx_word' id='word_1_51' title='bbox 354 961 509 1024; x_wconf 83' lang='lat' dir='ltr'><strong>salutares</strong></span> <span class='ocrx_word' id='word_1_52' title='bbox 524 963 617 1042; x_wconf 81' lang='lat' dir='ltr'><strong>pasto</strong></span> <span class='ocrx_word' id='word_1_53' title='bbox 632 962 780 1042; x_wconf 88' lang='lat' dir='ltr'><strong>serpente</strong></span> <span class='ocrx_word' id='word_1_54' title='bbox 796 957 949 1024; x_wconf 84' lang='lat' dir='ltr'><strong>medellas</strong></span> 
     </span>
     <span class='ocr_line' id='line_1_10' title="bbox 276 1043 947 1126; baseline -0.004 -18"><span class='ocrx_word' id='word_1_55' title='bbox 276 1044 416 1109; x_wconf 83' lang='lat' dir='ltr'><strong>Confieit</strong></span> <span class='ocrx_word' id='word_1_56' title='bbox 430 1048 463 1107; x_wconf 87' lang='lat' dir='ltr'><strong>et</strong></span> <span class='ocrx_word' id='word_1_57' title='bbox 476 1044 604 1126; x_wconf 90' lang='lat' dir='ltr'><strong>pellunt</strong></span> <span class='ocrx_word' id='word_1_58' title='bbox 617 1043 689 1125; x_wconf 86' lang='lat' dir='ltr'><strong>ipsa</strong></span> <span class='ocrx_word' id='word_1_59' title='bbox 702 1064 829 1107; x_wconf 83' lang='lat' dir='ltr'><strong>uenena</strong></span> <span class='ocrx_word' id='word_1_60' title='bbox 842 1062 947 1106; x_wconf 80' lang='lat' dir='ltr'><strong>neces,</strong></span> 
     </span>
     <span class='ocr_line' id='line_1_11' title="bbox 233 1126 915 1209; baseline -0.004 -17"><span class='ocrx_word' id='word_1_61' title='bbox 233 1128 385 1192; x_wconf 76' lang='lat' dir='ltr'><strong>Materies</strong></span> <span class='ocrx_word' id='word_1_62' title='bbox 398 1127 478 1191; x_wconf 86' lang='lat' dir='ltr'><strong>ferri</strong></span> <span class='ocrx_word' id='word_1_63' title='bbox 492 1126 630 1209; x_wconf 85' lang='lat' dir='ltr'><strong>simplex</strong></span> <span class='ocrx_word' id='word_1_64' title='bbox 645 1132 678 1192; x_wconf 89' lang='lat' dir='ltr'><strong>et</strong></span> <span class='ocrx_word' id='word_1_65' title='bbox 691 1128 790 1191; x_wconf 85' lang='lat' dir='ltr'><strong>noxia</strong></span> <span class='ocrx_word' id='word_1_66' title='bbox 803 1126 915 1209; x_wconf 84' lang='lat' dir='ltr'><strong>fertur,</strong></span> 
     </span>
     <span class='ocr_line' id='line_1_12' title="bbox 185 1210 982 1295; baseline -0.003 -21"><span class='ocrx_word' id='word_1_67' title='bbox 185 1226 219 1274; x_wconf 72' lang='grc' dir='ltr'><strong>το</strong></span> <span class='ocrx_word' id='word_1_68' title='bbox 274 1212 397 1295; x_wconf 90' lang='lat' dir='ltr'><strong>lmpius</strong></span> <span class='ocrx_word' id='word_1_69' title='bbox 412 1211 488 1275; x_wconf 88' lang='lat' dir='ltr'><strong>inde</strong></span> <span class='ocrx_word' id='word_1_70' title='bbox 502 1214 609 1293; x_wconf 80' lang='lat' dir='ltr'><strong>nocet,</strong></span> <span class='ocrx_word' id='word_1_71' title='bbox 624 1212 763 1275; x_wconf 78' lang='lat' dir='ltr'><strong>rusticus</strong></span> <span class='ocrx_word' id='word_1_72' title='bbox 777 1210 852 1274; x_wconf 86' lang='lat' dir='ltr'><strong>inde</strong></span> <span class='ocrx_word' id='word_1_73' title='bbox 866 1210 982 1293; x_wconf 84' lang='lat' dir='ltr'><strong>placet.</strong></span> 
     </span>
     <span class='ocr_line' id='line_1_13' title="bbox 232 1294 994 1381; baseline -0.003 -20"><span class='ocrx_word' id='word_1_74' title='bbox 232 1297 308 1380; x_wconf 85' lang='lat' dir='ltr'><strong>Ipsa</strong></span> <span class='ocrx_word' id='word_1_75' title='bbox 321 1297 408 1379; x_wconf 86' lang='lat' dir='ltr'><strong>parit</strong></span> <span class='ocrx_word' id='word_1_76' title='bbox 422 1316 566 1381; x_wconf 83' lang='lat' dir='ltr'><strong>gemmas</strong></span> <span class='ocrx_word' id='word_1_77' title='bbox 580 1296 739 1378; x_wconf 89' lang='lat' dir='ltr'><strong>pretiosos</strong></span> <span class='ocrx_word' id='word_1_78' title='bbox 754 1300 841 1359; x_wconf 83' lang='lat' dir='ltr'><strong>terra</strong></span> <span class='ocrx_word' id='word_1_79' title='bbox 854 1294 994 1377; x_wconf 79' lang='lat' dir='ltr'><strong>lapidee,</strong></span> 
     </span>
     <span class='ocr_line' id='line_1_14' title="bbox 276 1380 941 1463; baseline -0.003 -19"><span class='ocrx_word' id='word_1_80' title='bbox 276 1381 352 1463; x_wconf 86' lang='lat' dir='ltr'><strong>Ipsa</strong></span> <span class='ocrx_word' id='word_1_81' title='bbox 366 1380 422 1443; x_wconf 88' lang='lat' dir='ltr'><strong>dat</strong></span> <span class='ocrx_word' id='word_1_82' title='bbox 436 1385 469 1444; x_wconf 88' lang='lat' dir='ltr'><strong>et</strong></span> <span class='ocrx_word' id='word_1_83' title='bbox 483 1401 597 1463; x_wconf 88' lang='lat' dir='ltr'><strong>uepres</strong></span> <span class='ocrx_word' id='word_1_84' title='bbox 611 1381 724 1462; x_wconf 83' lang='lat' dir='ltr'><strong>spinea</strong></span> <span class='ocrx_word' id='word_1_85' title='bbox 738 1380 829 1463; x_wconf 84' lang='lat' dir='ltr'><strong>ligna</strong></span> <span class='ocrx_word' id='word_1_86' title='bbox 842 1401 941 1443; x_wconf 87' lang='lat' dir='ltr'><strong>rosas.</strong></span> 
     </span>
     <span class='ocr_line' id='line_1_15' title="bbox 232 1463 1075 1547; baseline -0.005 -18"><span class='ocrx_word' id='word_1_87' title='bbox 232 1465 373 1529; x_wconf 84' lang='lat' dir='ltr'><strong>Delicias</strong></span> <span class='ocrx_word' id='word_1_88' title='bbox 388 1469 571 1547; x_wconf 86' lang='lat' dir='ltr'><strong>mortesque</strong></span> <span class='ocrx_word' id='word_1_89' title='bbox 586 1468 680 1546; x_wconf 83' lang='lat' dir='ltr'><strong>parat</strong></span> <span class='ocrx_word' id='word_1_90' title='bbox 693 1485 780 1528; x_wconf 88' lang='lat' dir='ltr'><strong>mare</strong></span> <span class='ocrx_word' id='word_1_91' title='bbox 795 1463 946 1527; x_wconf 86' lang='lat' dir='ltr'><strong>fluetibus</strong></span> <span class='ocrx_word' id='word_1_92' title='bbox 961 1463 1075 1547; x_wconf 82' lang='lat' dir='ltr'><strong>altum,</strong></span> 
     </span>
     <span class='ocr_line' id='line_1_16' title="bbox 275 1548 917 1633; baseline -0.003 -20"><span class='ocrx_word' id='word_1_93' title='bbox 275 1548 319 1613; x_wconf 83' lang='lat' dir='ltr'><strong>Et</strong></span> <span class='ocrx_word' id='word_1_94' title='bbox 334 1553 468 1633; x_wconf 87' lang='lat' dir='ltr'><strong>generat</strong></span> <span class='ocrx_word' id='word_1_95' title='bbox 481 1548 589 1632; x_wconf 77' lang='lat' dir='ltr'><strong>pelugi</strong></span> <span class='ocrx_word' id='word_1_96' title='bbox 605 1549 764 1613; x_wconf 80' lang='lat' dir='ltr'><strong>conchula</strong></span> <span class='ocrx_word' id='word_1_97' title='bbox 779 1548 917 1611; x_wconf 89' lang='lat' dir='ltr'><strong>diuitias.</strong></span> 
     </span>
     <span class='ocr_line' id='line_1_17' title="bbox 184 1633 877 1716; baseline 0.003 -23"><span class='ocrx_word' id='word_1_98' title='bbox 184 1645 216 1693; x_wconf 75' lang='lat'><strong>75</strong></span> <span class='ocrx_word' id='word_1_99' title='bbox 231 1635 317 1695; x_wconf 87' lang='lat' dir='ltr'><strong>Aera</strong></span> <span class='ocrx_word' id='word_1_100' title='bbox 331 1634 502 1716; x_wconf 80' lang='lat' dir='ltr'><strong>temperies</strong></span> <span class='ocrx_word' id='word_1_101' title='bbox 517 1634 604 1696; x_wconf 83' lang='lat' dir='ltr'><strong>auris</strong></span> <span class='ocrx_word' id='word_1_102' title='bbox 618 1633 771 1697; x_wconf 84' lang='lat' dir='ltr'><strong>uitalibus</strong></span> <span class='ocrx_word' id='word_1_103' title='bbox 786 1636 877 1715; x_wconf 86' lang='lat' dir='ltr'><strong>aptat</strong></span> 
     </span>
     <span class='ocr_line' id='line_1_18' title="bbox 275 1716 985 1800; baseline 0 -22"><span class='ocrx_word' id='word_1_104' title='bbox 275 1716 364 1790; x_wconf 77' lang='lat' dir='ltr'><strong>Quae</strong></span> <span class='ocrx_word' id='word_1_105' title='bbox 380 1720 531 1799; x_wconf 79' lang='lat' dir='ltr'><strong>corrupta</strong></span> <span class='ocrx_word' id='word_1_106' title='bbox 546 1716 614 1780; x_wconf 89' lang='lat' dir='ltr'><strong>dies</strong></span> <span class='ocrx_word' id='word_1_107' title='bbox 629 1718 726 1799; x_wconf 88' lang='lat' dir='ltr'><strong>eripit</strong></span> <span class='ocrx_word' id='word_1_108' title='bbox 740 1721 837 1800; x_wconf 86' lang='lat' dir='ltr'><strong>atque</strong></span> <span class='ocrx_word' id='word_1_109' title='bbox 852 1716 985 1779; x_wconf 87' lang='lat' dir='ltr'><strong>animas.</strong></span> 
     </span>
     <span class='ocr_line' id='line_1_19' title="bbox 232 1800 986 1882; baseline 0 -20"><span class='ocrx_word' id='word_1_110' title='bbox 232 1802 359 1882; x_wconf 81' lang='lat' dir='ltr'><strong>Aspera</strong></span> <span class='ocrx_word' id='word_1_111' title='bbox 372 1800 426 1863; x_wconf 88' lang='lat' dir='ltr'><strong>uel</strong></span> <span class='ocrx_word' id='word_1_112' title='bbox 440 1800 545 1864; x_wconf 77' lang='lat' dir='ltr'><strong>facilis</strong></span> <span class='ocrx_word' id='word_1_113' title='bbox 559 1800 679 1866; x_wconf 87' lang='lat' dir='ltr'><strong>retinet</strong></span> <span class='ocrx_word' id='word_1_114' title='bbox 692 1805 808 1865; x_wconf 83' lang='lat' dir='ltr'><strong>natura</strong></span> <span class='ocrx_word' id='word_1_115' title='bbox 822 1801 986 1863; x_wconf 79' lang='lat' dir='ltr'><strong>uolucres:</strong></span> 
     </span>
     <span class='ocr_line' id='line_1_20' title="bbox 274 1882 1073 1969; baseline 0 -22"><span class='ocrx_word' id='word_1_116' title='bbox 274 1882 401 1949; x_wconf 83' lang='lat' dir='ltr'><strong>Blanda</strong></span> <span class='ocrx_word' id='word_1_117' title='bbox 415 1885 565 1949; x_wconf 79' lang='lat' dir='ltr'><strong>columba</strong></span> <span class='ocrx_word' id='word_1_118' title='bbox 580 1886 650 1949; x_wconf 83' lang='lat' dir='ltr'><strong>suis</strong></span> <span class='ocrx_word' id='word_1_119' title='bbox 665 1888 723 1967; x_wconf 85' lang='lat' dir='ltr'><strong>est,</strong></span> <span class='ocrx_word' id='word_1_120' title='bbox 738 1906 851 1969; x_wconf 87' lang='lat' dir='ltr'><strong>aspera</strong></span> <span class='ocrx_word' id='word_1_121' title='bbox 865 1884 976 1947; x_wconf 84' lang='lat' dir='ltr'><strong>uultur</strong></span> <span class='ocrx_word' id='word_1_122' title='bbox 991 1883 1073 1947; x_wconf 86' lang='lat' dir='ltr'><strong>auis.</strong></span> 
     </span>
     <span class='ocr_line' id='line_1_21' title="bbox 230 1967 1041 2055; baseline -0.004 -22"><span class='ocrx_word' id='word_1_123' title='bbox 230 1968 381 2033; x_wconf 82' lang='lat' dir='ltr'><strong>Nubibus</strong></span> <span class='ocrx_word' id='word_1_124' title='bbox 396 1969 537 2055; x_wconf 77' lang='lat' dir='ltr'><strong>aggestis</strong></span> <span class='ocrx_word' id='word_1_125' title='bbox 551 1970 681 2053; x_wconf 76' lang='lat' dir='ltr'><strong>pluuias</strong></span> <span class='ocrx_word' id='word_1_126' title='bbox 695 1969 753 2033; x_wconf 85' lang='lat' dir='ltr'><strong>nix</strong></span> <span class='ocrx_word' id='word_1_127' title='bbox 767 1967 889 2053; x_wconf 86' lang='lat' dir='ltr'><strong>grando</strong></span> <span class='ocrx_word' id='word_1_128' title='bbox 904 1968 1041 2051; x_wconf 85' lang='lat' dir='ltr'><strong>pruinae</strong></span> 
     </span>
     <span class='ocr_line' id='line_1_22' title="bbox 182 2052 931 2138; baseline 0.004 -26"><span class='ocrx_word' id='word_1_129' title='bbox 182 2064 216 2112; x_wconf 84' lang='lat'><strong>80</strong></span> <span class='ocrx_word' id='word_1_130' title='bbox 275 2053 472 2136; x_wconf 87' lang='lat' dir='ltr'><strong>Gignuntur‚</strong></span> <span class='ocrx_word' id='word_1_131' title='bbox 485 2054 610 2117; x_wconf 84' lang='lat' dir='ltr'><strong>uicibus</strong></span> <span class='ocrx_word' id='word_1_132' title='bbox 624 2054 700 2138; x_wconf 86' lang='lat' dir='ltr'><strong>igne</strong></span> <span class='ocrx_word' id='word_1_133' title='bbox 711 2074 831 2137; x_wconf 81' lang='lat' dir='ltr'><strong>uapore</strong></span> <span class='ocrx_word' id='word_1_134' title='bbox 846 2052 931 2136; x_wconf 89' lang='lat' dir='ltr'><strong>gelu.</strong></span> 
     </span>
     <span class='ocr_line' id='line_1_23' title="bbox 232 2134 1028 2221; baseline -0.001 -22"><span class='ocrx_word' id='word_1_135' title='bbox 232 2134 288 2199; x_wconf 83' lang='lat' dir='ltr'><strong>Sol</strong></span> <span class='ocrx_word' id='word_1_136' title='bbox 306 2136 361 2198; x_wconf 90' lang='lat' dir='ltr'><strong>dat</strong></span> <span class='ocrx_word' id='word_1_137' title='bbox 374 2137 555 2220; x_wconf 64' lang='lat' dir='ltr'><strong>temperies</strong></span> <span class='ocrx_word' id='word_1_138' title='bbox 571 2138 692 2219; x_wconf 86' lang='lat' dir='ltr'><strong>speeies</strong></span> <span class='ocrx_word' id='word_1_139' title='bbox 708 2138 889 2221; x_wconf 84' lang='lat' dir='ltr'><strong>gratissima</strong></span> <span class='ocrx_word' id='word_1_140' title='bbox 904 2135 1028 2219; x_wconf 84' lang='lat' dir='ltr'><strong>mundi,</strong></span> 
     </span>
     <span class='ocr_line' id='line_1_24' title="bbox 276 2217 1079 2304; baseline 0.002 -23"><span class='ocrx_word' id='word_1_141' title='bbox 276 2217 400 2282; x_wconf 77' lang='lat' dir='ltr'><strong>Cuncta</strong></span> <span class='ocrx_word' id='word_1_142' title='bbox 416 2221 553 2284; x_wconf 83' lang='lat' dir='ltr'><strong>creanda</strong></span> <span class='ocrx_word' id='word_1_143' title='bbox 566 2242 684 2303; x_wconf 89' lang='lat' dir='ltr'><strong>parans</strong></span> <span class='ocrx_word' id='word_1_144' title='bbox 701 2225 816 2285; x_wconf 77' lang='lat' dir='ltr'><strong>cuneta</strong></span> <span class='ocrx_word' id='word_1_145' title='bbox 830 2224 936 2284; x_wconf 85' lang='lat' dir='ltr'><strong>ereata</strong></span> <span class='ocrx_word' id='word_1_146' title='bbox 949 2220 1079 2304; x_wconf 84' lang='lat' dir='ltr'><strong>fouens,</strong></span> 
     </span>
     <span class='ocr_line' id='line_1_25' title="bbox 230 2302 1059 2386; baseline 0.001 -20"><span class='ocrx_word' id='word_1_147' title='bbox 230 2302 294 2366; x_wconf 88' lang='lat' dir='ltr'><strong>Per</strong></span> <span class='ocrx_word' id='word_1_148' title='bbox 309 2324 404 2386; x_wconf 88' lang='lat' dir='ltr'><strong>quem</strong></span> <span class='ocrx_word' id='word_1_149' title='bbox 417 2303 500 2367; x_wconf 81' lang='lat' dir='ltr'><strong>fetat</strong></span> <span class='ocrx_word' id='word_1_150' title='bbox 513 2304 631 2368; x_wconf 91' lang='lat' dir='ltr'><strong>humus</strong></span> <span class='ocrx_word' id='word_1_151' title='bbox 646 2307 740 2370; x_wconf 87' lang='lat' dir='ltr'><strong>flores</strong></span> <span class='ocrx_word' id='word_1_152' title='bbox 756 2310 788 2369; x_wconf 89' lang='lat' dir='ltr'><strong>et</strong></span> <span class='ocrx_word' id='word_1_153' title='bbox 803 2306 915 2368; x_wconf 86' lang='lat' dir='ltr'><strong>messis</strong></span> <span class='ocrx_word' id='word_1_154' title='bbox 930 2304 1059 2369; x_wconf 79' lang='lat' dir='ltr'><strong>aristas:</strong></span> 
     </span>
     <span class='ocr_line' id='line_1_26' title="bbox 275 2386 965 2473; baseline 0 -21"><span class='ocrx_word' id='word_1_155' title='bbox 275 2386 351 2452; x_wconf 84' lang='lat' dir='ltr'><strong>Sole</strong></span> <span class='ocrx_word' id='word_1_156' title='bbox 364 2392 514 2471; x_wconf 87' lang='lat' dir='ltr'><strong>perustus</strong></span> <span class='ocrx_word' id='word_1_157' title='bbox 529 2409 607 2473; x_wconf 82' lang='lat' dir='ltr'><strong>ager</strong></span> <span class='ocrx_word' id='word_1_158' title='bbox 620 2392 724 2472; x_wconf 79' lang='lat' dir='ltr'><strong>putris</strong></span> <span class='ocrx_word' id='word_1_159' title='bbox 739 2390 861 2453; x_wconf 84' lang='lat' dir='ltr'><strong>harena</strong></span> <span class='ocrx_word' id='word_1_160' title='bbox 874 2389 965 2453; x_wconf 78' lang='lat' dir='ltr'><strong>iacet.</strong></span> 
     </span>
     <span class='ocr_line' id='line_1_27' title="bbox 180 2470 986 2557; baseline 0.005 -26"><span class='ocrx_word' id='word_1_161' title='bbox 180 2484 214 2532; x_wconf 83' lang='lat'><strong>85</strong></span> <span class='ocrx_word' id='word_1_162' title='bbox 230 2470 375 2555; x_wconf 79' lang='lat' dir='ltr'><strong>Corpora</strong></span> <span class='ocrx_word' id='word_1_163' title='bbox 389 2474 438 2537; x_wconf 89' lang='lat' dir='ltr'><strong>sol</strong></span> <span class='ocrx_word' id='word_1_164' title='bbox 452 2473 557 2536; x_wconf 83' lang='lat' dir='ltr'><strong>reficit</strong></span> <span class='ocrx_word' id='word_1_165' title='bbox 570 2474 668 2538; x_wconf 90' lang='lat' dir='ltr'><strong>radiis</strong></span> <span class='ocrx_word' id='word_1_166' title='bbox 684 2479 717 2537; x_wconf 88' lang='lat' dir='ltr'><strong>et</strong></span> <span class='ocrx_word' id='word_1_167' title='bbox 730 2495 865 2557; x_wconf 77' lang='lat' dir='ltr'><strong>corpora</strong></span> <span class='ocrx_word' id='word_1_168' title='bbox 878 2477 986 2554; x_wconf 83' lang='lat' dir='ltr'><strong>uexat,</strong></span> 
     </span>
     <span class='ocr_line' id='line_1_28' title="bbox 274 2554 929 2642; baseline 0.003 -23"><span class='ocrx_word' id='word_1_169' title='bbox 274 2554 403 2621; x_wconf 85' lang='lat' dir='ltr'><strong>Solibus</strong></span> <span class='ocrx_word' id='word_1_170' title='bbox 418 2558 550 2621; x_wconf 87' lang='lat' dir='ltr'><strong>alternis</strong></span> <span class='ocrx_word' id='word_1_171' title='bbox 564 2558 654 2641; x_wconf 85' lang='lat' dir='ltr'><strong>itque</strong></span> <span class='ocrx_word' id='word_1_172' title='bbox 668 2558 814 2642; x_wconf 86' lang='lat' dir='ltr'><strong>reditque</strong></span> <span class='ocrx_word' id='word_1_173' title='bbox 833 2557 929 2622; x_wconf 79' lang='lat' dir='ltr'><strong>salus,</strong></span> 
     </span>
     <span class='ocr_line' id='line_1_29' title="bbox 230 2636 1113 2709; baseline 0.005 -8"><span class='ocrx_word' id='word_1_174' title='bbox 230 2636 348 2702; x_wconf 80' lang='lat' dir='ltr'><strong>Omnia</strong></span> <span class='ocrx_word' id='word_1_175' title='bbox 360 2661 422 2704; x_wconf 83' lang='lat' dir='ltr'><strong>neo</strong></span> <span class='ocrx_word' id='word_1_176' title='bbox 435 2642 521 2704; x_wconf 85' lang='lat' dir='ltr'><strong>mala</strong></span> <span class='ocrx_word' id='word_1_177' title='bbox 536 2647 613 2706; x_wconf 93' lang='lat' dir='ltr'><strong>sunt</strong></span> <span class='ocrx_word' id='word_1_178' title='bbox 626 2664 686 2707; x_wconf 89' lang='lat' dir='ltr'><strong>nee</strong></span> <span class='ocrx_word' id='word_1_179' title='bbox 701 2647 777 2709; x_wconf 88' lang='lat' dir='ltr'><strong>sunt</strong></span> <span class='ocrx_word' id='word_1_180' title='bbox 790 2642 876 2707; x_wconf 87' lang='lat' dir='ltr'><strong>bona</strong></span> <span class='ocrx_word' id='word_1_181' title='bbox 891 2640 995 2705; x_wconf 86' lang='lat' dir='ltr'><strong>sidera</strong></span> <span class='ocrx_word' id='word_1_182' title='bbox 1010 2641 1113 2705; x_wconf 81' lang='lat' dir='ltr'><strong>eseli:</strong></span> 
     </span>
     <span class='ocr_line' id='line_1_30' title="bbox 271 2721 958 2807; baseline 0.006 -23"><span class='ocrx_word' id='word_1_183' title='bbox 271 2721 402 2785; x_wconf 82' lang='lat' dir='ltr'><strong>Lucifer</strong></span> <span class='ocrx_word' id='word_1_184' title='bbox 416 2724 478 2788; x_wconf 89' lang='lat' dir='ltr'><strong>hoe</strong></span> <span class='ocrx_word' id='word_1_185' title='bbox 493 2724 611 2807; x_wconf 85' lang='lat' dir='ltr'><strong>docuit,</strong></span> <span class='ocrx_word' id='word_1_186' title='bbox 627 2726 729 2791; x_wconf 82' lang='lat' dir='ltr'><strong>Sirius</strong></span> <span class='ocrx_word' id='word_1_187' title='bbox 743 2727 805 2791; x_wconf 87' lang='lat' dir='ltr'><strong>hoc</strong></span> <span class='ocrx_word' id='word_1_188' title='bbox 820 2726 958 2790; x_wconf 87' lang='lat' dir='ltr'><strong>monuit.</strong></span> 
     </span>
     <span class='ocr_line' id='line_1_31' title="bbox 230 2805 1034 2894; baseline 0.005 -25"><span class='ocrx_word' id='word_1_189' title='bbox 230 2805 413 2890; x_wconf 85' lang='lat' dir='ltr'><strong>Temperies</strong></span> <span class='ocrx_word' id='word_1_190' title='bbox 429 2808 510 2871; x_wconf 79' lang='lat' dir='ltr'><strong>caeli</strong></span> <span class='ocrx_word' id='word_1_191' title='bbox 524 2809 665 2874; x_wconf 90' lang='lat' dir='ltr'><strong>medium</strong></span> <span class='ocrx_word' id='word_1_192' title='bbox 679 2833 740 2875; x_wconf 84' lang='lat' dir='ltr'><strong>nee</strong></span> <span class='ocrx_word' id='word_1_193' title='bbox 755 2810 897 2894; x_wconf 77' lang='lat' dir='ltr'><strong>possidet</strong></span> <span class='ocrx_word' id='word_1_194' title='bbox 912 2810 1034 2892; x_wconf 89' lang='lat' dir='ltr'><strong>orbem,</strong></span> 
     </span>
     <span class='ocr_line' id='line_1_32' title="bbox 178 2890 1061 2979; baseline 0.005 -26"><span class='ocrx_word' id='word_1_195' title='bbox 178 2905 213 2953; x_wconf 82' lang='lat'><strong>90</strong></span> <span class='ocrx_word' id='word_1_196' title='bbox 270 2890 356 2956; x_wconf 87' lang='lat' dir='ltr'><strong>Nam</strong></span> <span class='ocrx_word' id='word_1_197' title='bbox 371 2890 409 2955; x_wconf 90' lang='lat' dir='ltr'><strong>de</strong></span> <span class='ocrx_word' id='word_1_198' title='bbox 425 2893 568 2975; x_wconf 87' lang='lat' dir='ltr'><strong>quinque</strong></span> <span class='ocrx_word' id='word_1_199' title='bbox 583 2896 689 2979; x_wconf 88' lang='lat' dir='ltr'><strong>plagis</strong></span> <span class='ocrx_word' id='word_1_200' title='bbox 704 2896 760 2958; x_wconf 86' lang='lat' dir='ltr'><strong>uix</strong></span> <span class='ocrx_word' id='word_1_201' title='bbox 774 2894 873 2959; x_wconf 87' lang='lat' dir='ltr'><strong>habet</strong></span> <span class='ocrx_word' id='word_1_202' title='bbox 886 2894 958 2977; x_wconf 86' lang='lat' dir='ltr'><strong>ipsa</strong></span> <span class='ocrx_word' id='word_1_203' title='bbox 973 2894 1061 2958; x_wconf 89' lang='lat' dir='ltr'><strong>duas.</strong></span> 
     </span>
     <span class='ocr_line' id='line_1_33' title="bbox 231 2975 1098 3062; baseline 0.002 -23"><span class='ocrx_word' id='word_1_204' title='bbox 231 2975 324 3052; x_wconf 83' lang='lat' dir='ltr'><strong>Quod</strong></span> <span class='ocrx_word' id='word_1_205' title='bbox 339 2977 462 3041; x_wconf 86' lang='lat' dir='ltr'><strong>caelum</strong></span> <span class='ocrx_word' id='word_1_206' title='bbox 474 2978 560 3059; x_wconf 91' lang='lat' dir='ltr'><strong>quod</strong></span> <span class='ocrx_word' id='word_1_207' title='bbox 573 2981 661 3043; x_wconf 87' lang='lat' dir='ltr'><strong>terra</strong></span> <span class='ocrx_word' id='word_1_208' title='bbox 676 2980 795 3043; x_wconf 82' lang='lat' dir='ltr'><strong>fretum</strong></span> <span class='ocrx_word' id='word_1_209' title='bbox 811 2978 897 3062; x_wconf 87' lang='lat' dir='ltr'><strong>quod</strong></span> <span class='ocrx_word' id='word_1_210' title='bbox 911 2980 1027 3060; x_wconf 90' lang='lat' dir='ltr'><strong>purior</strong></span> <span class='ocrx_word' id='word_1_211' title='bbox 1038 3000 1098 3043; x_wconf 87' lang='lat' dir='ltr'><strong>aer</strong></span> 
     </span>
    </p>
   </div>
   <div class='ocr_carea' id='block_1_3' title="bbox 165 3164 1154 3432">
    <p class='ocr_par' dir='ltr' id='par_1_3' title="bbox 233 3164 1154 3217">
     <span class='ocr_line' id='line_1_34' title="bbox 233 3164 1154 3217; baseline 0.007 -6"><span class='ocrx_word' id='word_1_212' title='bbox 233 3164 266 3212; x_wconf 83' lang='lat'><strong>62</strong></span> <span class='ocrx_word' id='word_1_213' title='bbox 283 3166 363 3215; x_wconf 80' lang='lat' dir='ltr'><strong>sabos</strong></span> <span class='ocrx_word' id='word_1_214' title='bbox 380 3181 449 3216; x_wconf 78' lang='lat' dir='ltr'><strong>corr.</strong></span> <span class='ocrx_word' id='word_1_215' title='bbox 465 3167 593 3216; x_wconf 83' lang='lat' dir='ltr'><strong>Areuulus</strong></span> <span class='ocrx_word' id='word_1_216' title='bbox 654 3169 687 3217; x_wconf 85' lang='lat'><strong>63</strong></span> <span class='ocrx_word' id='word_1_217' title='bbox 706 3168 783 3217; x_wconf 76' lang='lat' dir='ltr'><strong>tacito</strong></span> <span class='ocrx_word' id='word_1_218' title='bbox 801 3174 907 3216; x_wconf 81' lang='lat' dir='ltr'><strong>auctore</strong></span> <span class='ocrx_word' id='word_1_219' title='bbox 924 3166 1030 3217; x_wconf 70' lang='lat' dir='ltr'><strong>addite!</strong></span> <span class='ocrx_word' id='word_1_220' title='bbox 1046 3164 1154 3217; x_wconf 79' lang='lat' dir='ltr'><strong>Isido-</strong></span> 
     </span>
    </p>

    <p class='ocr_par' dir='ltr' id='par_1_4' title="bbox 165 3230 1153 3432">
     <span class='ocr_line' id='line_1_35' title="bbox 165 3230 1130 3297; baseline 0.005 -19"><span class='ocrx_word' id='word_1_221' title='bbox 165 3244 210 3278; x_wconf 77' lang='lat' dir='ltr'><strong>rus</strong></span> <span class='ocrx_word' id='word_1_222' title='bbox 227 3230 292 3293; x_wconf 67' lang='lat' dir='ltr'><strong>orig.</strong></span> <span class='ocrx_word' id='word_1_223' title='bbox 309 3232 334 3280; x_wconf 88' lang='lat' dir='ltr'><strong>V</strong></span> <span class='ocrx_word' id='word_1_224' title='bbox 352 3233 368 3281; x_wconf 86' lang='grc'><strong>9</strong></span> <span class='ocrx_word' id='word_1_225' title='bbox 436 3234 469 3283; x_wconf 79' lang='grc'><strong>67</strong></span> <span class='ocrx_word' id='word_1_226' title='bbox 486 3233 620 3285; x_wconf 86' lang='lat' dir='ltr'><strong>medullas</strong></span> <span class='ocrx_word' id='word_1_227' title='bbox 633 3236 762 3283; x_wconf 79' lang='lat' dir='ltr'><strong>Areualus</strong></span> <span class='ocrx_word' id='word_1_228' title='bbox 779 3234 887 3284; x_wconf 84' lang='lat' dir='ltr'><strong>medela</strong></span> <span class='ocrx_word' id='word_1_229' title='bbox 907 3240 951 3285; x_wconf 89' lang='lat' dir='ltr'><strong>est</strong></span> <span class='ocrx_word' id='word_1_230' title='bbox 967 3235 1130 3297; x_wconf 78' lang='lat' dir='ltr'><strong>interpolati</strong></span> 
     </span>
     <span class='ocr_line' id='line_1_36' title="bbox 200 3298 1151 3363; baseline 0.006 -17"><span class='ocrx_word' id='word_1_231' title='bbox 200 3298 232 3346; x_wconf 88' lang='grc'><strong>69</strong></span> <span class='ocrx_word' id='word_1_232' title='bbox 254 3298 280 3345; x_wconf 82' lang='lat' dir='ltr'><strong>in</strong></span> <span class='ocrx_word' id='word_1_233' title='bbox 303 3301 416 3363; x_wconf 73' lang='lat' dir='ltr'><strong>margine</strong></span> <span class='ocrx_word' id='word_1_234' title='bbox 438 3308 510 3351; x_wconf 80' lang='lat' dir='ltr'><strong>notat</strong></span> <span class='ocrx_word' id='word_1_235' title='bbox 532 3302 606 3351; x_wconf 85' lang='lat' dir='ltr'><strong>ferro</strong></span> <span class='ocrx_word' id='word_1_236' title='bbox 628 3317 715 3351; x_wconf 79' lang='lat' dir='ltr'><strong>marrus</strong></span> <span class='ocrx_word' id='word_1_237' title='bbox 736 3317 788 3351; x_wconf 85' lang='lat' dir='ltr'><strong>rec.</strong></span> <span class='ocrx_word' id='word_1_238' title='bbox 859 3303 892 3351; x_wconf 75' lang='lat'><strong>74</strong></span> <span class='ocrx_word' id='word_1_239' title='bbox 914 3300 1030 3351; x_wconf 85' lang='lat' dir='ltr'><strong>concula</strong></span> <span class='ocrx_word' id='word_1_240' title='bbox 1107 3304 1151 3353; x_wconf 82' lang='lat'><strong>79</strong></span> 
     </span>
     <span class='ocr_line' id='line_1_37' title="bbox 165 3363 1153 3432; baseline 0.009 -20"><span class='ocrx_word' id='word_1_241' title='bbox 165 3363 265 3428; x_wconf 83' lang='lat' dir='ltr'><strong>pruina</strong></span> <span class='ocrx_word' id='word_1_242' title='bbox 288 3363 407 3415; x_wconf 69' lang='lat' dir='ltr'><strong>sirmond</strong></span> <span class='ocrx_word' id='word_1_243' title='bbox 429 3374 454 3416; x_wconf 84' lang='lat' dir='ltr'><strong>et</strong></span> <span class='ocrx_word' id='word_1_244' title='bbox 476 3370 613 3419; x_wconf 81' lang='lat' dir='ltr'><strong>Areuulus.</strong></span> <span class='ocrx_word' id='word_1_245' title='bbox 636 3375 664 3417; x_wconf 81' lang='lat' dir='ltr'><strong>at</strong></span> <span class='ocrx_word' id='word_1_246' title='bbox 687 3370 807 3432; x_wconf 81' lang='lat' dir='ltr'><strong>conferas</strong></span> <span class='ocrx_word' id='word_1_247' title='bbox 831 3370 858 3418; x_wconf 73' lang='lat' dir='ltr'><strong>d</strong></span> <span class='ocrx_word' id='word_1_248' title='bbox 875 3371 923 3419; x_wconf 83' lang='lat' dir='ltr'><strong>deo</strong></span> <span class='ocrx_word' id='word_1_249' title='bbox 946 3369 993 3419; x_wconf 83' lang='lat'><strong>16</strong></span> <span class='ocrx_word' id='word_1_250' title='bbox 1014 3368 1153 3432; x_wconf 78' lang='lat' dir='ltr'><strong>pruinae</strong></span> 
     </span>
    </p>
   </div>
   <div class='ocr_carea' id='block_1_4' title="bbox 163 3431 1154 3557">
    <p class='ocr_par' dir='ltr' id='par_1_5' title="bbox 163 3431 1154 3557">
     <span class='ocr_line' id='line_1_38' title="bbox 163 3431 1154 3499; baseline 0.009 -21"><span class='ocrx_word' id='word_1_251' title='bbox 163 3431 322 3493; x_wconf 72' lang='lat' dir='ltr'><strong>Azuqrensie</strong></span> <span class='ocrx_word' id='word_1_252' title='bbox 383 3432 414 3479; x_wconf 85' lang='lat'><strong>81</strong></span> <span class='ocrx_word' id='word_1_253' title='bbox 434 3435 460 3480; x_wconf 83' lang='lat' dir='ltr'><strong>in</strong></span> <span class='ocrx_word' id='word_1_254' title='bbox 477 3438 590 3498; x_wconf 68' lang='lat' dir='ltr'><strong>margine</strong></span> <span class='ocrx_word' id='word_1_255' title='bbox 607 3443 680 3486; x_wconf 79' lang='lat' dir='ltr'><strong>notat</strong></span> <span class='ocrx_word' id='word_1_256' title='bbox 697 3435 754 3487; x_wconf 90' lang='lat' dir='ltr'><strong>sole</strong></span> <span class='ocrx_word' id='word_1_257' title='bbox 772 3451 860 3486; x_wconf 77' lang='lat' dir='ltr'><strong>manus</strong></span> <span class='ocrx_word' id='word_1_258' title='bbox 877 3451 930 3486; x_wconf 84' lang='lat' dir='ltr'><strong>ree.</strong></span> <span class='ocrx_word' id='word_1_259' title='bbox 984 3436 1017 3485; x_wconf 87' lang='lat'><strong>88</strong></span> <span class='ocrx_word' id='word_1_260' title='bbox 1037 3434 1154 3499; x_wconf 83' lang='lat' dir='ltr'><strong>Syrius</strong></span> 
     </span>
     <span class='ocr_line' id='line_1_39' title="bbox 199 3496 747 3557; baseline 0.015 -14"><span class='ocrx_word' id='word_1_261' title='bbox 199 3496 233 3545; x_wconf 84' lang='grc'><strong>89</strong></span> <span class='ocrx_word' id='word_1_262' title='bbox 250 3498 276 3544; x_wconf 85' lang='lat' dir='ltr'><strong>in</strong></span> <span class='ocrx_word' id='word_1_263' title='bbox 293 3498 405 3557; x_wconf 69' lang='lat' dir='ltr'><strong>margine</strong></span> <span class='ocrx_word' id='word_1_264' title='bbox 423 3506 495 3546; x_wconf 80' lang='lat' dir='ltr'><strong>notat</strong></span> <span class='ocrx_word' id='word_1_265' title='bbox 512 3502 572 3551; x_wconf 87' lang='lat' dir='ltr'><strong>eelo</strong></span> <span class='ocrx_word' id='word_1_266' title='bbox 590 3518 677 3553; x_wconf 83' lang='lat' dir='ltr'><strong>munus</strong></span> <span class='ocrx_word' id='word_1_267' title='bbox 694 3519 747 3552; x_wconf 81' lang='lat' dir='ltr'><strong>rec.</strong></span> 
     </span>
    </p>
   </div>
   <div class='ocr_carea' id='block_1_5' title="bbox 0 0 1254 3917">
    <p class='ocr_par' dir='ltr' id='par_1_6' title="bbox 0 0 1254 3917">
     <span class='ocr_line' id='line_1_40' title="bbox 0 0 1254 3917; baseline 0 3"><span class='ocrx_word' id='word_1_268' title='bbox 0 0 1254 3917; x_wconf 95' lang='lat' dir='ltr'><strong> </strong></span> 
     </span>
    </p>
   </div>
  </div>
 </body>
</html>
