2500 3917
177 192 219 256 74
593 192 722 245 Munna

241 342 348 408 Offero
363 342 536 427 sacrilegos
550 346 663 421 nostro
679 342 717 405 de
733 363 867 425 corpore
883 342 1011 407 finctus

176 439 227 489 430
237 427 288 493 Ne
302 427 406 511 prosit
419 447 566 509 peccasse
580 425 691 489 mihi’
720 426 766 489 sic
781 426 850 489 fata
865 426 1016 491 sacerdos

203 590 207 595 .
241 510 408 595 Suspexit:
430 515 565 574 tonuere
580 509 649 592 poli
655 559 664 592 ,
679 530 739 573 nec
754 509 849 573 Luna
860 510 992 577 uidetur

242 594 294 659 Sic
309 600 419 658 tauros
434 614 570 677 urguere
586 614 661 657 suos
676 594 731 657 sed
746 593 892 657 cursibus
908 596 997 659 astra?

240 679 256 743 l
303 680 357 743 itis
371 699 527 761 responsa
542 678 670 741 dabant.
701 678 814 760 gauisa
829 678 977 741 sacerdos

191 801 196 807 -
240 700 349 827 [leura
363 761 403 825 ed
417 761 581 825 infernum
596 761 735 845 gemitus
750 782 925 845 regemque
940 762 1091 827 barathri

177 860 227 908 435
242 846 359 912 Secura
373 847 437 909 iam
453 867 532 909 uoce
547 845 610 909 ciet
624 844 802 928 Furiaeque
817 850 983 928 precatur:

239 932 325 995 ‘Iam
339 932 392 1013 pie
407 951 463 994 rex
477 929 576 993 Erebi
591 930 647 1012 qui
662 928 866 993 formidabile
881 950 1022 1013 regnum

240 1014 355 1080 Mortis
367 1014 475 1095 habes,
488 1033 583 1096 quem
595 1017 683 1076 terra
692 1013 819 1096 premit,
836 1014 893 1097 qui
903 1012 1021 1077 firnata
1032 1014 1149 1079 mundi

239 1098 370 1180 Excipis
386 1102 419 1160 et
432 1098 532 1159 tantis
546 1117 614 1160 non
630 1096 739 1179 exples
754 1096 896 1163 luctibus
910 1098 1036 1179 aulam,
1143 1110 1150 1119 ‘

239 1182 462 1265 Anguicomae
476 1201 534 1245 uos
546 1179 758 1264 quoquedeae
768 1181 884 1264 quibus
896 1180 1017 1264 impius
1028 1181 1150 1246 horror

176 1277 228 1326 440
241 1266 361 1348 Turpia
375 1265 524 1348 uipereae
539 1264 721 1328 funduntur
734 1265 880 1329 membra
899 1270 1059 1348 cerastae,

240 1349 402 1414 Plurimus
418 1371 475 1413 ora
489 1349 571 1433 tegit
584 1349 728 1431 pendens
743 1347 781 1411 de
796 1350 918 1413 uertice
933 1370 1069 1432 serpens

240 1434 285 1498 Et
298 1435 429 1498 sinuant
444 1434 537 1497 orbes
551 1454 610 1515 per
623 1432 744 1516 pallida
758 1431 842 1496 colla
857 1433 1029 1497 dracones:

241 1516 275 1582 Si
290 1519 438 1581 manibus
453 1517 574 1581 laniata
588 1517 668 1597 meis
683 1516 768 1580 mala
782 1516 916 1580 uictima
930 1521 1058 1581 uestros

241 1602 293 1664 Ad
308 1623 417 1664 manes
431 1602 582 1684 peruenit
595 1600 708 1682 homo,
724 1601 753 1663 si
766 1600 891 1663 uiscera
905 1602 1018 1665 matris

163 1694 227 1750 ,445
240 1684 309 1749 Uos
323 1689 456 1767 propter
470 1684 619 1748 scindens
633 1684 781 1748 homines
796 1684 832 1747 in
847 1688 961 1748 uentre
976 1687 1110 1769 necaui,

240 1768 273 1832 N
274 1789 336 1831 unc
350 1772 476 1834 nostras
490 1768 597 1832 audite
612 1790 732 1851 preces.
775 1772 929 1851 regnator
945 1770 1088 1853 Auerni,

242 1852 391 1917 Crastina
405 1874 476 1916 oum
493 1852 613 1916 Glauce
630 1853 739 1916 ueniet
752 1856 894 1934 nuptura
909 1853 1045 1935 marito,

241 1937 318 2001 Mox
333 1937 445 2000 Furias
460 1938 593 2001 admitte
608 1941 695 2019 tuas,
710 1939 881 2019 properate
896 1958 1024 2001 sorores

242 2021 421 2084 Tartareae.
452 2020 571 2089 Thebis
585 2021 702 2085 iterum
717 2020 783 2083 iam
797 2024 876 2083 uota
889 2025 1066 2105 geruntur,

179 2116 230 2165 450
242 2104 383 2185 Currite,
399 2125 458 2186 per
470 2103 632 2168 thalamos
646 2104 790 2168 locastae
806 2104 907 2167 frater
922 2108 954 2168 et
968 2104 1065 2169 heres

243 2187 422 2270 Coniungit
434 2192 553 2250 natam.
583 2209 663 2272 gens
678 2189 753 2253 haec
775 2191 823 2251 est
837 2191 955 2252 uestra.
985 2189 1111 2253 dicabit

85 2300 118 2350 [ρ.
131 2301 166 2349 92]
243 2270 403 2335 Mortibus
417 2270 581 2354 impietas,
597 2272 729 2335 affectus
744 2272 859 2335 funera
873 2276 1050 2355 praestent.

243 2355 309 2422 Cur
328 2355 443 2419 mora?
472 2378 547 2419 nam
562 2355 646 2419 nihil
666 2359 716 2419 est
736 2356 822 2438 quod
836 2377 904 2419 non
925 2377 977 2419 me
994 2356 1151 2423 exaudiat

889 2461 945 2503 um
968 2462 1055 2504 uam.

242 2524 424 2620 Uirginitas
439 2523 466 2587 si
482 2527 570 2588 casta
583 2524 704 2607 placet,
720 2524 858 2586 retinere
873 2461 1031 2605 puddrem

179 2620 229 2669 455
243 2608 278 2672 si
293 2608 373 2671 hbet
387 2613 420 2672 et
433 2630 611 2692 numquam
625 2608 777 2691 contagia
790 2606 909 2670 blanda
923 2607 1034 2673 mariti

245 2690 421 2774 Quaeritis,
436 2692 592 2775 innuptae
606 2696 741 2775 nuptam
757 2690 925 2755 exhorrete
940 2714 1080 2758 sorores.

244 2774 279 2842 Si
294 2774 407 2838 Furias
422 2776 545 2839 saeuire
560 2797 676 2859 precor
688 2797 748 2839 nec
763 2779 878 2858 sponte
892 2776 1034 2859 nocetis,

243 2861 276 2927 N
277 2883 320 2925 on
335 2858 411 2924 estis
426 2858 557 2942 Furiae,
572 2881 693 2923 nomen
707 2863 828 2922 mutate
843 2859 1036 2945 domosque,

243 2946 360 3013 Ponite
376 2948 556 3028 serpentes,
572 2944 693 3007 alienas
708 2942 830 3006 reddite
845 2943 990 3006 flammas

180 3041 230 3091 460
242 3030 287 3095 Et
300 3052 435 3115 puerum
452 3028 589 3093 Ueneris
604 3049 700 3111 quem
714 3029 778 3090 iam
792 3027 971 3109 tempsistis
986 3031 1122 3092 amate.’

247 3200 296 3249 431
320 3216 373 3250 non
395 3216 454 3250 rure
478 3199 558 3264 polos
579 3200 648 3263 qaod
667 3200 743 3262 posui
764 3200 896 3261 temptauit
917 3197 1014 3248 Bacch.
1097 3201 1162 3252 434

180 3262 286 3313 baratri
352 3269 401 3316 436
419 3270 492 3317 malis
512 3268 596 3331 impie
611 3265 616 3330 Ι
631 3265 725 3315 herebi
792 3264 1025 3329 441Plurimisp
1098 3268 1163 3319 450

179 3327 307 3398 Iochaslq
366 3335 415 3383 451
434 3334 582 3398 genus'est
600 3350 669 3385 cerr.
688 3332 784 3383 Bacch.
847 3334 1059 3396 452prae1tant
1078 3350 1162 3389 corr.

179 3395 276 3448 Bacch.
345 3402 395 3450 453
416 3416 459 3449 me
483 3416 539 3450 non
561 3401 693 3451 exaudiat
755 3402 805 3452 458
823 3402 858 3463 cs.
878 3398 1032 3451 Orest.48'1
1099 3404 1164 3457 460

181 3469 274 3514 aetate
293 3468 334 3515 cui
351 3471 513 3529 corruptelae
532 3476 592 3518 uota
610 3470 701 3518 addita
718 3476 758 3518 est
