2500 3917
196 242 239 307 52
538 240 816 294 pacisculum

261 390 460 455 Ornamenta
473 391 550 473 poli.
579 390 687 455 rident
701 412 758 456 sua
771 392 915 457 membra
928 392 1078 457 uidentes

109 500 141 549 [p.
153 500 188 548 ee]
260 475 397 540 Funeris
412 475 528 539 abiecti
542 475 674 559 fragiles
690 478 722 539 et
737 476 879 559 corporis
894 497 982 560 usus,

211 572 244 623 25
264 558 311 624 Ut
326 560 456 625 doleant
470 559 596 623 animae
610 559 674 622 iam
689 560 837 624 libertate
850 564 980 643 recepta

262 643 459 728 Corporibus
474 643 592 707 uixisse
607 644 672 707 suis
688 648 721 707 et
735 644 843 708 clausa
856 644 967 709 tulisse

261 728 405 793 Carceris
420 727 559 811 angusti.
585 728 725 792 tumulos
740 731 797 792 aut
811 728 935 793 ossibus
950 750 1049 793 urnas

261 812 449 897 Dedignant
463 812 599 894 animae,
614 832 682 876 non
696 816 812 876 curant
825 813 890 876 uile
906 813 1101 896 sepulcrum,

260 896 306 960 Et
319 897 482 980 plangunt
495 917 563 961 non
577 916 646 959 esse
661 896 757 960 simul
771 918 852 979 quos
866 919 949 961 urna
962 896 1119 981 polorum

213 994 246 1041 30
265 979 395 1045 Claudit
406 983 439 1043 et
452 979 632 1044 aetherium
645 979 794 1044 Phoebus
809 980 976 1064 suspendit
990 982 1030 1045 ad
1046 1001 1153 1045 axem.

261 1064 471 1127 Aduenturus
486 1064 558 1146 eris
573 1065 677 1147 pietas
693 1064 720 1127 si
735 1068 846 1128 sancta
859 1066 1004 1129 manebit

263 1146 405 1235 Corpore
419 1147 593 1232 belligero,
609 1148 637 1212 si
651 1168 717 1213 non
732 1147 868 1212 crudelis
883 1149 918 1212 in
932 1148 1026 1213 hoste
1073 1209 1077 1215 .

262 1231 342 1295 Post
357 1232 458 1295 uitam
472 1232 641 1296 morientis
657 1233 729 1315 eris,
744 1233 771 1295 si
785 1232 873 1296 mitis
888 1232 1032 1297 Achilles

261 1313 294 1379 N
295 1336 330 1379 ee
345 1319 421 1398 post
435 1315 520 1380 bella
534 1337 644 1380 manes
658 1337 717 1380 nec
729 1320 876 1399 spectant
889 1316 1005 1381 funera
1017 1338 1146 1401 poenas

212 1411 244 1460 35
263 1399 410 1464 Arbitrio
427 1400 571 1465 subiecta
585 1405 652 1483 tuo,
668 1400 695 1463 si
709 1400 841 1483 parcitis
855 1401 977 1465 umbris

263 1482 435 1558 Quaesitor
449 1506 528 1567 quas
542 1487 673 1568 torquet
685 1506 764 1548 auus
779 1485 807 1548 si
822 1507 898 1549 uera
912 1484 1070 1549 ferundm.

197 1756 242 1817 At
259 1754 399 1835 inquies:
424 1753 453 1817 si
476 1754 552 1836 post
573 1754 675 1819 uitam
693 1755 815 1820 animae
837 1772 970 1837 corpore
985 1772 1045 1821 sua
1062 1754 1173 1838 despi-

395 1842 496 1917 ciunt,
511 1858 569 1925 pro
583 1842 717 1908 Hectore
731 1861 789 1909 cur
805 1842 976 1927 rogamus?

117 1969 190 2067 ‘icini'
264 1993 297 2059 N
298 2017 342 2059 on
356 1994 478 2060 Hector
493 1994 548 2059 sed
563 1962 661 2061 Troia
674 2004 769 2080 rogat
782 1996 953 2079 miserique
968 1998 1131 2079 parentes,

264 2079 491 2157 Andromache
506 2079 639 2143 uiduata
653 2080 754 2164 gemit
768 2081 822 2143 uel
838 2084 872 2143 ut
886 2081 983 2144 ubere
998 2102 1141 2164 paruum
1166 2111 1179 2127 ·

268 2164 468 2246 Astyanacta
482 2166 572 2227 tenet
586 2165 632 2227 sic
647 2164 770 2228 caelum
786 2164 950 2247 questibus
965 2164 1091 2247 implet,

215 2257 249 2306 40
266 2244 369 2329 Uirgo
385 2245 548 2329 Polyxene
563 2247 702 2311 lacrimis
718 2253 832 2312 ornata
847 2248 969 2313 decoris

263 2330 308 2394 Et
344 2330 454 2395 lanctu
469 2330 591 2395 laniata
604 2352 703 2416 genas
718 2335 854 2397 contusa
867 2333 1004 2397 lacertos

263 2416 312 2478 Ao
322 2352 435 2511 longis
450 2415 592 2498 dispersa
607 2416 707 2480 comis
723 2420 855 2481 onerata
868 2417 991 2500 pudore

263 2498 405 2582 Ingem1t
420 2503 454 2563 et
467 2503 595 2564 tantum
609 2503 693 2564 nutu
708 2500 777 2565 sine
792 2522 873 2565 uoce
886 2504 1036 2584 precatur

263 2582 399 2646 Funeris
413 2583 565 2648 Hectorei
579 2605 715 2667 poscens
731 2605 891 2669 exsangue
908 2584 1059 2650 cadauer:

107 2677 138 2726 [i.
163 2678 197 2725 6⁷]
217 2677 250 2727 45
268 2664 370 2740 Quem
384 2666 503 2731 retines
518 2668 618 2732 iratus
634 2668 747 2733 adhuc.
773 2689 930 2753 cognosce
945 2666 1106 2753 puellam:

260 2749 451 2834 Plangentis
467 2772 638 2836 germanus
654 2756 723 2817 erat
753 2752 804 2817 cui
820 2754 888 2817 uita
903 2753 1033 2817 daretur

260 2834 348 2898 Ante
364 2835 465 2899 aciem
480 2836 508 2898 si
523 2836 594 2900 uisa
608 2836 707 2919 foret,
723 2804 901 2920 l'roiaeque
915 2836 1045 2921 periclis

261 2918 397 2984 Femina
411 2920 496 2984 bella
512 2919 599 2985 dedit
613 2920 670 2985 sed
684 2920 806 2987 femina
820 2921 906 2985 bella
920 2924 1065 3005 negaret.

267 3187 300 3235 23
324 3186 498 3235 ornamenta
522 3201 593 3235 corr.
611 3200 648 3234 ece
668 3186 827 3233 ornamento
849 3188 877 3232 ut
897 3184 999 3233 uidetur
1068 3184 1104 3231 24
1123 3185 1186 3235 ad—

199 3250 268 3299 iecti
289 3267 361 3300 corr.
378 3252 476 3301 Buecle.
545 3254 578 3301 26
597 3250 691 3301 clausa
758 3253 791 3301 27
809 3256 867 3299 tum
882 3249 1001 3301 tumulos
1046 3250 1105 3301 Ἰ28
1135 3267 1186 3302 se·

199 3315 346 3378 pulchrum
421 3321 464 3372 ,33
487 3319 631 3367 morientis
658 3324 749 3380 operte
771 3322 917 3381 corruptum
939 3324 985 3367 est.
1058 3319 1093 3367 34
1116 3334 1187 3369 ma·

200 3376 265 3445 nes]
284 3389 313 3429 ut
334 3399 400 3430 nuno
422 3384 485 3432 haec
506 3387 635 3447 leguntur,
658 3382 781 3434 Achilles
803 3386 944 3435 nominatus
965 3400 1015 3447 pro
1035 3384 1096 3445 sero
1114 3402 1188 3437 sae-

200 3462 265 3497 uoue
288 3448 391 3496 uidetur
459 3450 492 3498 38
515 3450 599 3499 uelud
620 3450 707 3500 ubera
775 3453 807 3501 39
831 3451 995 3501 Astiancota
1062 3453 1098 3501 40
1124 3452 1189 3504 Ρο-

200 3511 294 3561 lixene
313 3512 445 3577 lacrymis
502 3516 537 3564 44
558 3530 685 3581 exangue
746 3517 921 3582 reexpecta
940 3517 1017 3579 Quod

1050 3652 1073 3686 l
