2500 3917
475 194 691 246 PRAEFATIO.
786 232 790 242 .
1051 214 1076 260 v

106 333 216 409 opus
244 310 322 395 quid
345 309 437 407 'aliud
463 308 563 373 suerii
589 312 685 393 abque
713 310 844 375 minora
871 314 983 376 nosira
1009 333 1076 377 car·

106 418 198 461 mma
225 417 295 460 non
321 393 424 459 vrdeo.
468 393 576 477 Atque
609 394 720 458 eadem
752 395 895 460 carmina
926 400 1069 479 spectare

104 480 260 545 videniur
287 478 385 543 verba
414 478 449 542 in
477 476 647 542 Bobiensis
674 478 888 544 bibliothecae
922 481 1069 566 catalogo

104 564 186 629 anni
209 564 324 648 1461⁷)
347 562 440 627 haec:
475 560 645 626 ‘Draconii
667 563 832 627 cuiusdam
846 565 1070 630 versificatoris

102 652 310 713 tractatur
338 647 375 711 in
401 645 556 711 versibus.
583 647 619 709 in
646 646 740 711 libera
767 647 974 733 langobarda.
1007 670 1072 713 me·

107 734 191 797 dioc.
215 730 297 796 vol’
341 729 463 795 Verum
485 751 580 827 quem
610 737 898 796 commemoratum
927 733 1073 797 ridemus

107 817 145 881 in
166 820 274 881 vetere
296 814 416 879 saeculi
437 814 552 879 decrmi
574 814 723 900 eafflogo
746 814 902 881 Bobiensi
915 815 1073 881 Draconii

101 901 220 985 liberi)
242 904 352 964 uirum
372 902 484 963 nosira
511 898 655 963 earmina
681 899 879 965 continuerii
899 922 942 964 an
963 900 1073 965 laudes

102 984 166 1049 Dei
181 988 215 1049 eb
229 982 489 1049 satisfactionem
503 1020 545 1031 -
561 1003 641 1065 quas
654 982 749 1047 Bobii
768 984 867 1049 fuisse
884 988 1008 1049 cerium
1025 988 1074 1049 est

103 1091 177 1133 cum
199 1069 344 1133 imitatus
366 1068 408 1131 rii
429 1067 648 1133 Columbanus
669 1067 705 1131 in
726 1069 863 1151 episbola
887 1068 928 1133 ad
949 1068 1073 1133 Hunal-

103 1153 216 1236 dumi)
231 1189 275 1201 —
294 1152 355 1216 hac
382 1151 421 1215 de
448 1172 484 1215 re
505 1172 547 1215 ne
570 1151 787 1217 coniecturam
815 1152 946 1237 quidem
966 1154 1072 1218 facere

102 1237 224 1301 licebit.
269 1235 493 1301 Pervebusium
522 1256 598 1299 sane
621 1238 654 1299 et
674 1236 747 1300 labe
768 1238 889 1320 passim
911 1236 1073 1302 adfectum

101 1322 203 1385 fuisse
232 1341 304 1385 eum
332 1320 452 1396 librum
474 1318 558 1384 unde
585 1322 696 1384 noster
717 1321 862 1405 fluxerit,
884 1321 918 1385 id
939 1322 1072 1386 minime

102 1405 239 1469 dubium
261 1404 322 1469 erii
343 1403 373 1469 ei
402 1403 459 1487 qui
487 1403 619 1467 lacunas
647 1401 683 1467 in
709 1404 803 1470 initio
832 1406 884 1469 vel
911 1406 976 1468 fine
1006 1426 1075 1469 ver-

104 1511 200 1553 suum
228 1488 354 1573 saepius
375 1488 523 1552 invenias
546 1486 811 1552 consideraverii:
841 1489 880 1553 de
902 1488 973 1571 ipso
997 1510 1074 1552 vero
1123 1502 1131 1515 “

103 1574 279 1657 archetypo
295 1572 390 1655 quale
411 1571 511 1636 fuerib
525 1572 604 1635 cerii
618 1571 794 1654 quidquam
814 1571 999 1655 proferendi
1021 1593 1073 1637 co-

103 1658 159 1741 pia
180 1678 268 1721 nunc
290 1656 419 1740 quidem
440 1654 516 1721 daia
535 1676 604 1719 non
626 1659 684 1738 est,
706 1678 811 1740 neque
832 1661 943 1722 tamen
965 1656 1072 1721 omnis

100 1764 174 1825 spes
197 1740 365 1806 abicienda
385 1739 513 1804 videtur
533 1738 604 1803 fore
625 1743 664 1804 ui
684 1739 793 1824 aliquo
816 1741 851 1805 in
873 1740 993 1825 angulo
1008 1740 1072 1804 lia·

100 1827 164 1891 liae
188 1829 245 1890 aui
266 1824 345 1889 adeo
367 1824 403 1888 in
418 1823 550 1889 “somniis
565 1822 733 1889 Vaticanis
754 1825 861 1908 ipsum
882 1824 1070 1911 reperiatur.

169 1908 218 1975 Ue
245 1930 332 1973 nunc
361 1909 489 1973 demum
516 1906 713 1972 Dracontius
741 1910 775 1972 in
803 1909 907 1974 lucem
959 1907 1072 1971 rodeat

101 1996 183 2059 miro
206 2016 283 2059 casu
303 1994 425 2059 facium
447 1996 511 2057 esi:
533 2013 639 2075 neque
659 1992 765 2056 solum
779 1992 899 2078 Angeli
949 1992 980 2055 ai
995 2012 1072 2055 cura

102 2083 213 2162 raptus
228 2076 370 2143 Helenae
392 2081 467 2142 anie
490 2076 704 2160 quadraginta
725 2076 792 2140 fere
814 2098 917 2141 annos
938 2079 1070 2159 paraius

102 2167 171 2228 ereb
192 2162 250 2246 qui
265 2162 422 2245 edereiur‚
447 2160 501 2225 sed
523 2161 589 2225 iam
611 2182 697 2225 anno
712 2161 809 2226 huius
831 2160 950 2226 saeculi
971 2160 1068 2225 terlio

102 2247 227 2312 decimo
250 2244 401 2311 Oaialdus
422 2245 560 2310 lannelli
581 2244 726 2310 Helenae
748 2250 780 2309 et
802 2245 935 2310 Medeae
957 2244 1069 2308 editio·

102 2353 177 2396 nem
199 2330 331 2395 molitus
361 2333 444 2413 arai,
467 2330 557 2394 cuius
587 2329 764 2394 nonnullae
792 2330 943 2415 plagulae
971 2329 1069 2392 eliam

102 2417 189 2513 typis
211 2418 289 2512 suni
310 2434 453 2497 excusae,
476 2414 592 2510 quibus
613 2414 759 2498 Angelus
781 2413 896 2511 Maius,
925 2412 1001 2475 dum
1023 2412 1069 2475 vi-

101 2521 159 2648 {31¹²
158 2496 847 2648 &officiii{llllldladlhl
857 2499 1070 2646 deind
1170 2610 1173 2613 -

102 2668 299 2732 Androsium
326 2666 541 2731 bibliothecae
568 2666 676 2751 regiae
707 2666 906 2749 praefectum
932 2664 1072 2729 Iannelh

101 2752 185 2817 adici
200 2752 306 2817 uoluit
325 2750 517 2834 scripsitque
533 2750 789 2816 disseriaiionem
804 2751 843 2815 de
859 2750 974 2815 celeris
990 2748 1070 2813 Dra·

100 2876 128 2921 in
147 2872 325 2937 praefatione
342 2888 370 2937 p.
381 2870 439 2937 iil:
458 2870 527 2921 ‘Hic
538 2872 617 2922 Babil
634 2887 706 2922 anno
721 2874 787 2923 1494
804 2870 992 2923 huiuscemodi
1004 2868 1068 2919 libri

101 2941 205 3005 reperti
223 2943 297 3001 eunt,
316 2938 438 2989 Rutilius
456 2940 658 2990 Naumatianus
675 2964 710 2975 -
727 2939 866 2990 heroicum
880 2937 991 3001 sulpitii
1009 2950 1068 2985 car-

102 3022 179 3070 men,
200 3007 367 3057 Draconti
389 3006 517 3057 varium
540 3020 637 3071 opus,
654 3007 799 3058 Prudentii
816 3005 910 3069 hymni
927 3019 983 3069 eqr.
1003 3017 1070 3067 quo-

61 3076 65 3089 '
99 3090 159 3124 rum
181 3074 256 3125 bona
277 3088 341 3139 pars
363 3074 407 3123 his
430 3074 511 3123 annis
528 3072 659 3139 proximis
683 3089 700 3123 a
721 3090 782 3124 meo
803 3071 940 3137 municipe
964 3070 1071 3121 Thema

101 3139 229 3192 Phaedro
246 3141 381 3192 bonarum
400 3141 499 3190 artium
516 3142 673 3206 professore
692 3146 736 3191 est
753 3140 872 3189 advecta
889 3138 919 3188 in
930 3138 1052 3189 Urbem’.

169 3210 195 3271 7)
215 3224 297 3273 quem
318 3208 406 3259 edidit
425 3210 533 3273 Peyron
556 3212 621 3259 ante
641 3207 780 3259 Ciceronis
809 3206 965 3257 orationum
993 3206 1071 3269 frag·

103 3281 198 3327 menta
215 3276 331 3331 inedita.
344 3276 499 3341 stuttgard.
519 3280 548 3326 et
561 3276 681 3340 Tubing.
691 3272 910 3324 MDCOGXXIV
924 3289 950 3338 p.
966 3274 1070 3323 45164.

169 3343 197 3409 8)
216 3343 291 3409 apud
312 3343 494 3395 Muratorinm
511 3344 616 3409 antiqq.
635 3342 706 3393 med.
724 3358 785 3393 aer.
803 3341 847 3393 111
864 3358 891 3407 p.
908 3340 1004 3392 820D:
1023 3340 1071 3389 ‘li-

101 3411 181 3461 brum
197 3411 347 3462 Dracontii
363 3411 397 3462 I’.

101 3547 117 3594 5
170 3477 198 3543 9)
219 3477 292 3543 apud
313 3479 407 3544 Migne
427 3478 533 3530 Patrol.
552 3478 615 3533 Lai.
634 3476 738 3527 LXXX
759 3470 786 3543 p'.
804 3478 864 3528 286.
893 3474 1020 3540 inprimis
1039 3489 1066 3522 v.

119 3548 134 3597 3
152 3560 214 3611 sqq.
233 3548 267 3597 79
284 3560 345 3610 sqq.
