2500 3917
492 242 517 291 v
533 245 651 294 sis-117
1014 246 1052 310 13

102 404 138 453 85
156 390 304 455 Crimina
317 392 513 473 amnentur,
527 390 685 474 fortisque
699 392 735 455 in
748 415 888 476 paupere
904 395 993 459 diues

150 474 238 549 Quid
252 474 347 538 timet
362 479 418 537 dut
433 478 522 556 optet
538 496 597 539 uos
612 476 720 540 saltim
734 477 891 541 aduertite
906 481 1008 544 ciues:
1051 496 1057 510 ·

146 558 215 622 Res
230 563 280 622 est
294 558 386 621 nulla
400 557 486 622 domi
501 560 610 642 eupiat
625 581 721 642 quam
737 560 826 625 diues
841 584 971 645 auarus,

146 642 228 707 Non
243 663 358 705 aurum
372 663 440 705 non
455 663 582 727 gemma
596 644 734 726 micans,
750 650 782 709 et
796 647 899 729 turpis
914 652 1038 731 egestas

149 725 288 790 Obsedit
302 725 411 789 ieiuna
425 726 519 790 fores.
551 727 683 791 audacia
698 729 808 792 forsan

95 822 131 871 90
145 810 306 893 Pauperis
321 809 472 873 horretur
485 832 527 873 ne
542 811 624 874 olam
639 814 826 876 temerarius
841 817 952 878 exstet.

148 892 287 969 Quando
303 892 403 977 fugax
416 898 641 977 praesumptus
656 896 719 959 erit
732 897 784 960 uel
797 896 910 961 debilis
925 898 1052 963 audax?

147 976 237 1042 Nam
252 978 281 1041 si
296 976 390 1041 fortis
406 981 476 1041 erat
490 999 585 1041 saeua
599 980 719 1043 uirtute
734 981 899 1065 superbus,

147 1062 309 1141 Praemia,
325 1083 393 1125 uon
407 1062 536 1125 ueniam
550 1066 675 1145 peteret
689 1064 747 1127 sub
763 1065 856 1129 hoste
871 1088 1008 1131 reorum.

148 1144 245 1219 Quod
260 1143 344 1208 nihil
359 1145 489 1210 admisit
504 1146 624 1211 crimen
640 1148 695 1210 dat
708 1170 810 1230 praua
823 1150 974 1214 uoluntas

94 1242 129 1289 95
146 1228 273 1293 Diuitis
288 1229 419 1294 insonti.
448 1229 540 1293 furor
555 1235 604 1294 est
617 1231 757 1296 uoluisse
772 1254 887 1297 necare

146 1312 216 1377 Pro
229 1313 345 1395 quibus
360 1335 449 1378 arma
458 1314 543 1378 tulit.
568 1315 645 1397 quid
659 1317 790 1397 prodest
799 1317 918 1399 pellere
931 1318 1052 1381 bellum

146 1396 187 1461 Si
202 1400 333 1461 reuocat
346 1401 420 1480 post
437 1398 520 1462 bella
533 1398 650 1462 neoes?
672 1403 729 1463 aut
742 1404 837 1482 pacta
850 1400 991 1464 nefanda

146 1478 309 1544 Hostibus
325 1481 495 1545 obstrietus
511 1487 619 1546 seruat
634 1483 689 1566 qui
704 1483 828 1547 ciuibus
842 1484 942 1547 instat

148 1562 200 1627 Ut
214 1567 357 1646 pereant,
373 1569 429 1628 aut
443 1566 512 1648 ipse
528 1568 617 1649 eupit
631 1567 734 1651 magis
750 1588 817 1631 esse
832 1572 988 1651 brennius

81 1660 134 1709 100
152 1646 288 1711 Ciuibus
303 1649 452 1713 extinctis
467 1649 599 1714 eredens
614 1673 673 1714 sua
687 1658 764 1716 uota
778 1652 887 1720 latere.
965 1713 968 1718 .

149 1729 187 1795 Si
201 1732 327 1816 iugulet
341 1733 474 1796 miseros
489 1734 608 1798 iniusta
622 1739 725 1799 morte
740 1737 884 1800 necando

150 1812 325 1899 Suspeetos
341 1837 549 1900 quoscunque
564 1823 673 1900 putat,
688 1820 771 1882 nihil
787 1840 864 1903 ergo
877 1822 1051 1904 relinquet:

150 1897 269 1963 Omnia
284 1904 361 1963 suut
375 1906 530 1984 suspecta.
560 1924 632 1966 reos
647 1904 675 1965 si
688 1902 831 1967 moribus
847 1909 930 1969 esset

148 1982 210 2046 Ille
224 1984 345 2066 bonus,
361 2005 487 2048 seruare
502 1986 574 2067 pios
589 2007 717 2049 seruare
732 1986 893 2050 modestos
934 2043 937 2047 .

83 2080 133 2127 105
151 2066 318 2131 Debuerat
331 2069 389 2131 sub
404 2089 482 2151 paee
497 2090 570 2152 sua,
585 2091 654 2133 non
668 2068 752 2133 eolla
766 2069 926 2134 nefandus

151 2152 220 2214 Aut
233 2152 439 2216 inimieorum
453 2152 563 2217 mallet
577 2153 697 2217 fudisse
712 2176 872 2238 eruorem,

152 2232 298 2308 Quorum
313 2238 412 2299 uerba
425 2258 547 2319 pauens
563 2238 652 2301 diues
667 2239 800 2303 uixisset
814 2239 958 2304 honeste.

153 2316 207 2382 Sic
221 2320 349 2402 sapiens
365 2320 443 2383 olim
455 2319 602 2385 Romana
615 2322 762 2405 potentia
776 2323 870 2386 iussit

151 2400 203 2465 Ne
217 2407 330 2485 pereat
345 2402 505 2489 Carthago
520 2426 642 2468 nocens
657 2406 789 2467 inimica
803 2408 932 2468 senatus

84 2498 139 2546 110
153 2484 199 2549 Et
211 2486 326 2570 populi
341 2488 537 2571 Aeneadum,
553 2491 659 2552 sotem
673 2488 803 2551 uirtutis
818 2487 1007 2551 habendam.
1065 2502 1096 2549 [1.
1109 2503 1144 2551 1⁴]

152 2568 215 2633 Sed
228 2592 271 2633 ne
286 2570 479 2654 Troiugenis
493 2593 551 2655 per
565 2576 712 2654 tempora
726 2572 820 2656 pigra
834 2571 961 2637 lacertis

151 2652 330 2736 Torporem
345 2655 521 2740 perlonga
536 2656 640 2738 daret,
661 2661 737 2738 post
750 2657 837 2728 uiota
850 2654 978 2721 rebellis

150 2736 195 2800 Et
210 2741 402 2821 consumpta
416 2739 512 2802 simul
527 2740 626 2804 iacuit
640 2745 793 2821 congesta
806 2742 916 2805 ruinis.

149 2820 196 2884 Et
208 2824 319 2885 tamen
330 2822 409 2886 haee
420 2827 575 2887 renouata
586 2824 684 2889 micat
691 2825 807 2907 quibus
819 2825 935 2890 oceidit
945 2829 1050 2887 armis.

82 2916 136 2965 115
151 2903 242 2968 Haeo
257 2906 358 2988 igitur
372 2906 512 2970 recidiua
527 2908 617 2991 uiget
631 2911 707 2991 post
722 2909 816 2973 busta
829 2928 998 2990 resurgens

150 2988 325 3053 Phoenicis
340 2990 375 3053 in
390 3012 521 3054 morem,
548 2994 651 3056 uirtus
667 2994 837 3056 elementia
850 2995 987 3074 patrum.

149 3072 200 3135 Tu
215 3073 308 3137 testis
323 3074 485 3158 Carthago
501 3097 610 3139 manes
625 3078 731 3140 inuita
744 3076 930 3157 uoleusque.

152 3312 187 3359 86
206 3310 308 3361 saltria
376 3312 410 3361 89
429 3312 542 3361 audatia
610 3315 644 3362 94
662 3312 735 3372 Quid
750 3312 754 3366 Ι
769 3328 855 3376 parua
872 3330 940 3364 corr.
953 3314 1050 3367 Buech.

83 3378 118 3426 97
138 3377 218 3428 Scire
237 3383 324 3427 uocat
394 3382 442 3429 100
460 3380 575 3428 extintis
645 3382 692 3429 101
712 3379 852 3430 necandos
869 3397 937 3431 corr.
954 3382 1051 3431 Buecd.

85 3446 136 3493 103
155 3459 221 3493 reos
238 3443 268 3493 ui
285 3446 418 3495 mortibus
436 3463 504 3497 corr.
525 3446 622 3495 Bueet.
700 3449 749 3496 104
771 3448 857 3500 bonos
875 3465 944 3500 corr.
954 3448 1051 3498 Buecu.

85 3512 135 3560 107
154 3511 292 3561 honestae
363 3516 411 3563 109
430 3515 488 3563 Neo
503 3510 507 3578 Ι
523 3512 662 3577 Chartago
