2500 3917
481 252 505 303 V
523 254 667 303 233-300

149 399 274 475 Diuitis
290 402 403 482 optata
415 402 599 485 praesentia
611 400 742 466 turbida
755 403 868 467 rostris

148 484 308 566 Adparet.
340 484 521 549 conclamat
535 485 644 568 inops:
661 488 837 572 succurrite
851 487 951 570 ciues,

106 594 110 601 ·
150 567 244 633 Ciuis
259 568 351 631 adest
366 568 531 633 uiolentus
545 574 638 633 atrox
652 592 724 634 mea
738 571 806 635 fata
819 572 986 656 requirens

152 650 257 727 Quem
272 651 357 715 nihil
368 653 489 717 offendi
503 654 566 718 nisi
578 654 665 737 quod
676 677 746 719 sum
756 676 880 739 pauper
887 657 1056 720 honestus.

78 750 137 797 270
151 736 239 799 Ecce
253 736 471 819 triumphalis,
486 737 703 821 metuendum,
719 738 857 820 dextera,
872 739 994 803 ferrum

151 821 192 884 Id
207 821 295 902 quod
309 821 344 883 in
358 821 494 885 hostiles
509 822 639 906 iugulos
654 844 693 885 ex
707 824 786 886 urbe
801 824 916 905 tulisti,

150 904 194 969 In
208 905 316 987 patria
331 906 481 969 reuocare
496 907 601 971 uelis?
622 928 665 971 ne
679 908 804 972 uiscera
818 908 930 971 matris

151 988 371 1073 Transadigas
387 989 504 1074 gladio,
520 990 639 1055 laceres
653 1013 695 1055 ne
710 993 855 1057 membra
868 992 1010 1075 parentis

151 1072 245 1147 Quae
259 1076 292 1137 te
307 1074 486 1156 palmiferis
502 1074 611 1139 docuit
624 1095 813 1140 concurrere
827 1076 910 1141 telis.

81 1170 137 1219 275
152 1156 258 1221 Parce
274 1178 398 1241 precor,
413 1158 534 1223 ferrata
549 1181 673 1240 manus,
690 1161 799 1224 ciuilia
814 1161 897 1224 colla

150 1240 188 1306 N
190 1263 206 1304 e
221 1240 319 1305 ferias
335 1264 417 1325 quae
432 1264 543 1307 mucro
558 1248 634 1307 tuus
648 1244 791 1308 defendit
806 1247 846 1308 ab
861 1245 963 1308 hoste.

151 1325 207 1390 Sit
222 1325 327 1409 pudor
341 1331 438 1409 atque
453 1327 545 1391 nefas
560 1328 750 1411 extinguere
764 1329 888 1411 proelia
902 1349 1015 1410 campo

150 1410 201 1473 Et
214 1413 335 1474 mortes
349 1412 525 1476 transferre
538 1411 621 1479 foro.
654 1412 794 1475 lamenta
808 1412 935 1476 minora
1071 1432 1100 1486 [ρ.
1114 1432 1147 1484 au

152 1494 326 1559 Credimus
341 1494 461 1576 auditu,
478 1495 571 1560 dolor
585 1500 635 1561 est
648 1501 791 1579 spectare
806 1496 982 1578 cadentem,

83 1592 138 1639 280
154 1578 289 1642 Funera
303 1582 371 1643 siue
387 1579 487 1643 oculis
502 1581 614 1645 uiuum
630 1579 748 1644 uidisse
763 1581 899 1644 cadauer

153 1662 239 1727 (lum
255 1663 356 1747 gemit
371 1668 403 1727 et
417 1664 558 1729 moriens
572 1665 793 1729 tremibundus
806 1665 946 1748 palpitat
960 1669 1057 1729 artus

153 1746 304 1831 Mugitus
320 1769 401 1831 quos
415 1748 470 1811 ille
486 1748 575 1813 dabit
589 1771 648 1832 per
662 1750 791 1814 moenia
804 1771 937 1833 pauper,

154 1828 242 1895 Cum
257 1832 358 1915 uulgo
370 1836 535 1915 spectante
550 1834 651 1916 cadet,
668 1855 741 1897 cum
755 1834 898 1897 membra
913 1855 1025 1897 cruore

152 1914 338 1980 Perfundat
353 1917 554 2001 moribunda,
570 1918 639 1981 solo
654 1939 727 1980 cum
742 1916 868 1980 mordet
882 1938 1021 1980 arenam.

84 2012 138 2061 285
151 1998 328 2084 Anguibus
343 2000 537 2083 implicitum
549 2002 659 2079 credas
673 2000 839 2064 Laoconta
853 2004 1044 2085 gementem.

155 2084 212 2148 Sic
229 2084 319 2148 decet
333 2089 370 2163 ut
383 2085 479 2150 fortis
494 2082 594 2149 lassos
609 2089 646 2150 ut
660 2086 750 2148 diues
765 2089 906 2169 egentes,

156 2167 255 2232 Ciues
269 2169 351 2232 ciuis
365 2192 461 2252 ames,
478 2174 533 2235 aut
548 2171 593 2234 sic
609 2168 791 2234 defenditur
805 2170 941 2233 insons?

155 2251 194 2317 Si
209 2256 323 2317 uocem
339 2254 510 2337 simulacra
524 2255 647 2337 darent,
661 2258 718 2318 tua
732 2254 826 2338 signa
839 2256 993 2398 rogarent

155 2336 203 2399 Et
217 2334 311 2401 dolor
326 2337 388 2402 ista
402 2339 492 2401 daret
507 2335 659 2401 deflendis
674 2338 773 2401 uerba
788 2359 885 2421 quere
899 2338 941 2399 is:

86 2434 141 2483 290
160 2420 243 2484 ‘Dic
256 2422 385 2485 iuuenis
401 2421 499 2505 diues,
514 2425 638 2505 patriae
654 2422 704 2485 dic
717 2422 811 2484 fortis
827 2423 959 2501 amator,

157 2504 194 2569 Si
208 2526 333 2588 pauper
346 2527 420 2569 reus
436 2513 493 2589 est,
509 2511 565 2570 tua
580 2506 658 2590 quid
671 2504 817 2589 peccauit
831 2504 938 2587 imago

156 2588 300 2654 Uirtutis
315 2595 526 2655 monumenta
539 2595 624 2673 tuae,
640 2589 717 2673 quid
731 2589 822 2653 testis
836 2588 997 2652 honorum

156 2672 329 2738 Temnitur
344 2678 377 2738 et
390 2676 513 2757 patriae
529 2675 700 2739 foedantur
714 2673 843 2737 moenia
856 2672 1029 2737 nostrael'

156 2756 249 2822 Haec
264 2758 509 2823 simulacrorum
524 2781 588 2823 uox
604 2763 661 2841 est,
676 2758 861 2841 patriaeque
876 2756 1034 2842 gementis

87 2854 141 2903 295
158 2841 249 2905 Audi
264 2843 365 2907 uerba
379 2847 453 2906 tuae
471 2844 602 2908 ‘merito
617 2847 650 2906 te
664 2844 750 2906 laeta
764 2843 880 2923 creaui,

157 2926 325 2991 Infantem
340 2929 464 3011 gremio
480 2928 580 3009 tenui,
596 2927 692 2990 simul
706 2928 804 2990 ubera
818 2946 919 3009 paruo

157 3008 246 3073 Urbs
261 3014 365 3075 mater
379 3012 582 3075 tremibunda
597 3011 669 3074 dedi
684 3010 843 3075 cunabula
856 3012 1030 3092 praestans,

158 3092 265 3168 Quem
279 3098 517 3177 praetextatum
531 3095 645 3159 iaculis
660 3094 830 3178 proludere
845 3093 934 3175 iussi,

155 3177 312 3262 Impubes
326 3179 392 3243 iam
406 3180 502 3243 fortis
517 3201 596 3263 eras,
611 3179 752 3244 inuictus
767 3178 895 3243 adultus

88 3276 142 3325 300
157 3262 204 3327 Et
219 3264 348 3328 iuuenis
363 3264 477 3329 uictor.
508 3266 617 3328 sedne
632 3263 799 3327 fraudatus
814 3262 919 3327 abires

163 3419 215 3467 268
237 3436 272 3467 on
296 3417 376 3469 diues
398 3420 575 3469 scribendum?
642 3420 693 3467 274
716 3433 849 3467 concurre
917 3420 968 3468 280
991 3420 1049 3467 sine

89 3538 142 3587 286
164 3493 258 3586 lafios
275 3495 359 3586 fdrtis
428 3538 477 3589 288
494 3540 643 3601 rogassent

830 3616 865 3668 2*
