2500 3917
508 212 575 263 v111
593 216 728 265 eea-425

198 361 400 427 Circumfusa
415 362 492 444 rati,
510 364 674 427 uastarum
689 365 787 428 turris
801 386 971 448 aquarum

101 521 105 525 ,
193 446 319 512 Pendet
333 450 367 511 et
381 446 457 511 elati
471 446 651 530 percellunt
665 450 796 512 carbasa
810 450 936 515 fluctus.

196 530 350 616 Obriguit
362 553 421 615 per
434 532 578 595 membra
592 531 700 615 Paris,
714 534 852 597 transire
866 536 1002 617 parabat

194 616 247 679 Ad
261 615 291 679 le
315 620 443 680 0101001
457 616 589 699 propria
604 615 643 679 de
659 638 744 681 naue
759 619 891 683 carinas.

127 712 181 761 400
193 700 257 764 Αο1
269 637 326 764 uli
341 700 500 784 dispersos
515 699 616 785 longo
630 700 720 765 uidet
734 723 873 785 aequore
887 703 988 769 Troas

195 782 341 849 Soluitur
354 785 390 848 in
405 785 543 869 gemitus
557 786 747 850 lacrimosae
761 787 851 851 uocis
865 810 991 854 amaros

194 868 238 933 Et
252 869 298 932 sic
314 890 405 933 orsus
421 870 481 933 ait:
505 868 609 933 ‘felici
623 875 710 935 sorte
725 872 824 935 creati

193 946 344 1017 Pa'stores
382 976 441 1017 uos
455 958 542 1017 terra
557 956 643 1037 capit
657 977 739 1038 quos
752 956 844 1021 nulla
856 957 1000 1039 procella

195 976 461 1102 (1000011110οἁ
469 1039 563 1121 ponti
572 1042 720 1104 metuunt
728 1063 825 1124 super
831 1063 973 1125 aequora
979 1042 1095 1107 1100100

125 1120 397 1187 4051111011111010
411 1123 545 1207 pelagus
560 1126 711 1188 temnunt
725 1125 916 1191 latrantibus
931 1126 1042 1211 undis,

194 1204 257 1270 Sed
272 1205 356 1270 celso
372 1205 411 1270 de
424 1211 536 1271 monte
550 1207 664 1271 uident
677 1212 715 1271 ut
728 1210 764 1271 in
778 1231 849 1273 arce
864 1211 1010 1275 sedentes
1101 1227 1132 1276 [r-
1145 1226 1181 1276 ⁵4]

192 1289 318 1354 Pascua
331 1312 407 1354 rura
420 1313 533 1355 001000
548 1291 655 1355 fontes
671 1296 704 1355 et
719 1293 852 1356 flumina
865 1298 972 1376 prata,

193 1373 257 1438 Per
272 1396 401 1457 campos
416 1376 533 1459 gestire
548 1398 659 1458 pecus,
674 1376 813 1459 pendere
828 1378 966 1460 capellas

193 1458 373 1542 Praerupta
387 1460 425 1523 de
440 1482 520 1542 rupe
535 1461 649 1543 procul
664 1460 793 1524 dumeta
807 1466 992 1546 sequentes,

124 1542 235 1607 41οΕ1
249 1544 368 1608 uirides
381 1544 520 1608 tondent
534 1544 663 1609 10001010
678 1544 827 1609 dentibus
842 1547 972 1630 herbas,

194 1626 303 1692 Ubera
317 1627 472 1693 lactentes
488 1628 691 1692 contundunt
705 1629 866 1695 frontibus
881 1632 973 1716 agni,

190 1712 278 1778 Dum
294 1712 395 1780 cauda
410 1714 570 1795 crispante
584 1716 729 1777 tremunt
744 1715 896 1798 mollique
912 1716 1021 1798 palato

191 1795 365 1879 Exultant,
380 1802 493 1880 potare
508 1797 596 1860 cibos
611 1801 707 1880 atque
722 1798 814 1862 edere
828 1804 925 1882 potus

191 1879 349 1945 Mulctrae
364 1880 530 1945 balantum
546 1880 702 1963 depressis
718 1882 816 1945 ubera
829 1885 985 1946 mammis.

123 1976 177 2027 415
191 1964 374 2029 Decedente
390 1966 440 2030 die
455 1966 560 2030 noctis
575 1966 780 2030 uenientibus
794 1966 915 2029 umbris

192 2049 339 2125 Quantus
355 2072 460 2133 amor,
485 2070 558 2114 cum
574 2048 657 2113 lacte
673 2071 759 2113 nouo
775 2050 840 2113 iam
854 2072 965 2114 caseus
979 2052 1090 2116 albens

190 2133 367 2199 Formatur'
377 2135 589 2217 manibusque
600 2134 719 2217 premit
732 2134 781 2198 lac
795 2139 907 2217 pastor
917 2134 958 2198 ad
971 2136 1090 2220 orbem,

192 2217 337 2282 Candida
351 2219 524 2282 summittit
537 2219 701 2282 feruentes
716 2220 833 2283 bucula
846 2222 956 2284 tauros

192 2302 437 2386 Commitlitque
454 2302 549 2366 duces
564 2305 688 2381 armata
702 2303 809 2367 fronte
826 2304 990 2368 iuuencos.

120 2398 176 2447 420
188 2385 274 2450 Nam
286 2388 395 2470 grauis
409 2391 458 2450 est
467 2407 602 2471 regnare
615 2387 715 2469 labor,
728 2390 833 2449 100100
844 2388 965 2451 excutit
974 2388 1090 2471 ingens

192 2470 298 2535 Corda
313 2470 429 2535 ducum
444 2493 485 2534 ne
501 2471 586 2535 bella
599 2474 697 2534 ruant
709 2492 751 2533 ne
766 2470 832 2533 tela
845 2471 1010 2533 minentur

190 2554 336 2619 Exitium
351 2555 494 2638 crudele,
510 2557 597 2620 necis
612 2557 711 2619 timor
725 2555 830 2618 omnis
845 2555 964 2638 ubique
979 2559 1036 2619 001.

190 2638 276 2702 Nam
291 2639 415 2723 gladios
429 2640 545 2703 tellure
559 2644 682 2723 pauent
694 2640 874 2724 pelagoque
891 2639 1048 2723 procellas

189 2722 381 2788 Formidant
394 2745 454 2787 nec
468 2723 566 2807 plena
580 2724 675 2788 datur
688 2724 777 2788 ducis
791 2725 872 2789 hora
887 2725 1009 2808 quieti!

120 2820 177 2869 425
188 2807 277 2873 Dum
283 2808 437 2893 loquitur,
447 2809 539 2873 uenit
550 2810 637 2873 unda
645 2809 753 2893 grauis
762 2809 1090 2892 resonatquefragore

992 756 1003 789 5

193 2965 243 3014 397
262 2979 313 3029 per
330 2963 436 3015 coelum
455 2981 524 3016 corr.
536 2964 634 3013 Bacch.
652 2966 741 3013 110011.
810 2966 860 3013 402
878 2961 972 3012 foelici
1039 2964 1090 3014 404

120 3034 174 3081 aut
190 3047 260 3081 corr.
274 3031 291 3080 l
296 3031 329 3080 M
393 3040 455 3096 post
472 3034 522 3082 409
540 3046 630 3082 000000
648 3034 749 3081 uidetur
764 3031 874 3094 periisse
892 3046 945 3079 cum
960 3031 1090 3093 particula

118 3097 203 3148 uerba
217 3100 294 3159 finita
312 3108 417 3163 repente
479 3101 531 3149 410
548 3100 664 3147 tundent
681 3115 749 3149 0000.
769 3098 787 3147 I
792 3097 822 3145 M
882 3099 926 3146 411
949 3096 1090 3148 laetantes

119 3181 193 3217 corr.
205 3164 304 3217 Buecll.
369 3169 419 3217 414
436 3167 559 3217 Μο10010
577 3182 645 3216 corr.
660 3166 757 3216 Buecls
769 3164 892 3229 mulgere
903 3165 920 3214 Ι
926 3166 957 3215 Μ
971 3169 976 3228 Ι
990 3165 1090 3228 palmis

117 3236 286 3297 seripserunt
303 3222 359 3283 IM
415 3237 466 3285 415
483 3234 555 3283 diem
573 3250 642 3285 0000.
660 3234 677 3281 I
681 3233 713 3282 M
770 3235 820 3284 410
838 3237 879 3283 uel
897 3240 1034 3297 corruptus
1051 3241 1090 3283 eat

119 3316 214 3351 000000
231 3305 274 3352 uel
290 3309 351 3365 post
362 3318 416 3352 eum
434 3304 554 3353 nonnulla
566 3303 726 3352 exciderunt.
783 3301 1018 3351 42010001011010
1030 3308 1090 3350 unte

119 3383 243 3433 regnare
260 3370 385 3433 scriptum
402 3379 441 3420 001
461 3372 510 3420 ced
530 3377 684 3433 expunctum
751 3371 801 3419 421
820 3368 927 3419 Cordax
945 3385 1013 3419 corr.
1037 3367 1055 3416 I
1060 3367 1092 3416 M

117 3438 173 3485 422
190 3436 304 3486 Exitum
322 3452 390 3487 0000.
409 3438 427 3486 Ι
432 3437 463 3486 Μ
473 3436 478 3501 1
497 3438 558 3486 0001
575 3453 644 3487 corr.
663 3436 758 3487 Buecl.
777 3438 865 3489 1000.
933 3439 984 3485 423
1003 3434 1089 3497 pella-

120 3517 214 3568 00000
283 3505 335 3553 424
354 3505 431 3568 quati
449 3521 519 3556 corr.
538 3503 593 3553 [Μ
