2500 3917
430 235 473 285 111
493 238 532 286 19.
551 238 584 287 20
611 235 650 287 IV
669 239 751 288 1-53
1049 238 1070 300 9

166 382 272 447 Sibila
286 382 459 447 uibrabant
473 382 593 467 linguis
611 386 652 449 ab
668 384 762 448 dente
775 385 926 451 trisulcis.

166 466 288 531 Terror
303 471 372 529 erat
386 467 474 530 uisus
490 468 613 531 cunetis
628 468 816 552 sonitusque
832 469 1023 534 draconum:

108 562 145 613 25
165 551 257 626 Quos
273 551 421 614 manibus
435 549 543 615 ridens
558 552 730 636 compressi
744 554 898 635 paruulus
914 555 1033 620 ambos.

164 634 214 698 Hi
229 634 370 697 tribuere
383 634 464 698 mihi
478 636 618 717 primum
633 658 692 718 pro
707 641 810 701 morte
824 638 1039 722 triumphum,
1081 657 1113 705 m·
1125 656 1150 705 9}

165 718 214 783 Et
228 717 342 801 letum,
357 740 425 782 non
439 719 573 801 praeda,
588 720 637 783 fui
651 721 785 785 Iunonis
800 721 948 786 alumnis.

164 802 289 866 Hostes
304 802 412 865 deesse
427 801 508 865 mihi
522 802 587 866 dixi
601 807 676 886 post
691 805 776 868 bella
789 805 908 888 leonis,

168 884 274 961 Quem
291 884 382 949 nullo
398 906 551 949 mucrone
566 888 635 970 peti
649 909 709 951 nec
724 889 867 952 uestibus
882 889 957 953 ullis

109 983 148 1031 30
164 969 320 1067 Implicui
334 970 436 1033 fretus
451 971 613 1054 manibus,
629 992 689 1035 nec
704 994 833 1035 maurus
848 971 888 1036 ad
902 973 1005 1036 illum.

168 1053 271 1118 Oums
285 1053 370 1136 pelle
384 1056 487 1137 tegor.
516 1075 603 1117 nunc
618 1054 746 1119 fortiter
761 1077 832 1120 ecce
846 1056 1014 1121 tabescens

168 1136 281 1201 Tertia
296 1136 380 1201 bella
394 1157 472 1223 gero
487 1159 569 1221 quae
585 1139 695 1203 caedes
709 1162 868 1223 passeres
953 1143 1000 1205 nt.

166 1221 224 1285 En
239 1220 359 1285 totiens
374 1243 525 1304 percussa
539 1222 608 1285 lues
622 1224 726 1307 magis
742 1225 849 1287 extitit
863 1246 899 1287 ar
920 1246 977 1287 ens

166 1305 216 1369 Et
229 1326 396 1388 nunquam
411 1306 584 1369 sternenda
597 1308 697 1370 uenit.
727 1329 787 1390 pro
801 1308 871 1371 fata
884 1307 1033 1372 nefanda.

110 1400 147 1450 35
166 1388 309 1453 Uincere
324 1388 416 1471 peius
431 1390 506 1471 erit,
521 1391 661 1472 propriis
675 1413 752 1453 nam
767 1392 889 1454 uiribus
903 1392 915 1453 i
939 1413 972 1454 se

166 1472 360 1557 Impugnor.
391 1493 504 1537 saeuos
520 1473 646 1556 gladius
660 1474 740 1536 mihi
755 1475 900 1558 suggerit
915 1415 1038 1555 lestis,

167 1556 250 1620 Non
263 1556 349 1638 rapit
364 1576 435 1620 ecce
450 1577 554 1637 meos,
570 1557 624 1620 sed
639 1558 763 1640 proelia
776 1558 863 1621 uicta
877 1556 1041 1621 reformat.

167 1639 245 1703 Huc
254 1641 436 1723 quicunque
446 1638 523 1703 deus
533 1640 724 1706 fratermihi
735 1663 877 1704 summus
887 1640 1025 1724 Olympo
1037 1662 1071 1705 es

168 1722 244 1788 Huc
259 1720 335 1787 ades
350 1726 383 1785 et
397 1724 506 1786 miseri
520 1724 651 1787 tandem
666 1746 814 1789 succurre
829 1725 966 1807 periclis.

113 1820 151 1869 40
168 1805 233 1872 Sed
248 1827 368 1889 quaeso
384 1807 495 1870 uenias
510 1808 637 1871 soboles
652 1812 689 1871 ut
702 1809 793 1872 nulla
806 1830 981 1890 nouercae,

171 1889 328 1965 Quamuis
343 1890 386 1953 sis
401 1889 510 1954 frater,
528 1891 604 1955 ,iam
619 1896 656 1955 tu
671 1913 818 1956 succurre
834 1892 982 1955 Minerua

169 1974 389 2058 Bellipotens,
404 1974 528 2057 patrius
543 1976 594 2038 cui
610 1975 730 2038 casside
746 1976 890 2121 fulgurat
904 1977 1014 2058 ardor,

171 2058 261 2133 Quae
277 2059 381 2141 clipeo
397 2057 551 2122 rutilante
570 2064 678 2141 tonas,
700 2080 781 2141 quae
810 2059 934 2123 ulmina
947 2059 1072 2143 uibras,

168 2142 306 2207 Pectore
323 2142 452 2205 saxifico
470 2142 521 2205 cui
536 2142 655 2206 militat
669 2142 769 2225 impia
784 2142 928 2226 Gorgon.

115 2238 150 2287 45
167 2226 369 2290 Intemerata
383 2247 475 2289 soror
489 2226 528 2289 de
543 2227 665 2291 uertice
679 2228 777 2290 missa
792 2227 963 2310 Tonantis,

169 2308 289 2375 Sudori
304 2331 452 2373 succurre
467 2331 549 2375 meo.
579 2311 696 2393 quibus
710 2311 832 2375 artibus
847 2331 969 2395 angues

167 2394 387 2478 Extinguam,
406 2394 461 2476 qui
476 2397 590 2476 sponte
607 2399 724 2478 petunt
738 2396 900 2458 mucronis
915 2392 1073 2457 acumen?

169 2476 219 2563 Ut
228 2481 379 2541 crescunt
389 2478 594 2561 gaudentque
608 2479 692 2542 mori
701 2480 770 2541 fera
781 2476 877 2541 corda
888 2477 1072 2541 draconum.

170 2560 273 2626 Caesa
288 2562 417 2645 uigent,
436 2562 516 2626 alter
530 2562 634 2645 surgit
649 2561 687 2625 de
702 2561 835 2625 uulnere
850 2582 990 2644 serpens,

118 2658 153 2706 5⁰
170 2644 354 2710 Consilium
369 2645 450 2707 mihi
465 2646 558 2729 uirgo
575 2645 676 2709 dedit:
697 2646 774 2728 quia
788 2666 898 2709 mucro
913 2645 1040 2709 laborat

168 2729 355 2812 Incassum,
372 2728 478 2813 gelida
492 2729 741 2793 flammisexure
756 2751 883 2793 uenena

169 2813 215 2876 Et
230 2815 392 2895 praestem
404 2834 476 2876 cum
491 2816 593 2877 morte
604 2835 711 2900 rogos,
727 2818 824 2896 caput
835 2835 930 2877 omne
943 2815 1075 2895 perurat

169 2896 263 2980 Ignis
304 2895 385 2960 edax
428 2918 613 2981 anguesque
652 2902 795 2961 crement
820 2900 901 3043 post
938 2896 1074 2960 uulnera

845 3000 977 3043 emmae.

175 3236 209 3283 24
233 3234 332 3283 'l'errct
409 3235 442 3283 27
464 3233 550 3297 preda
615 3237 664 3285 ·30
686 3247 797 3282 maurus
818 3237 982 3299 corruptelae
1003 3236 1075 3299 siquo

105 3307 212 3351 notatur
293 3303 326 3351 31
349 3301 496 3351 tabescent
515 3301 611 3351 Buecl.
632 3306 697 3354 coni.
717 3300 864 3351 labascens
943 3305 976 3353 33
995 3302 1075 3352 luens

105 3371 137 3420 36
156 3364 270 3432 gladios
290 3384 359 3418 corr.
371 3368 468 3419 Rueck.
528 3371 561 3419 38
579 3367 648 3432 hoel
663 3372 744 3432 pater
754 3368 821 3418 mihi
834 3384 954 3419 summus
966 3369 1075 3432 olympo

107 3450 135 3485 es
153 3449 228 3485 corr.
249 3436 345 3485 Bucco.
415 3438 449 3485 40
471 3450 555 3499 queso
624 3439 656 3486 51
681 3438 714 3487 In
736 3450 831 3485 casum
899 3437 931 3485 52
954 3442 1074 3499 prestcm

109 3502 213 3553 delendi
230 3504 302 3568 signo
321 3518 334 3552 r
351 3504 428 3553 litera
445 3511 534 3553 notato
599 3509 662 3567 post
678 3505 711 3553 63
729 3504 821 3567 legitur
842 3496 930 3558 Τέλος
