2500 3917
465 230 533 283 VIII
550 234 683 283 tal-61⁷
1014 234 1057 298 49

156 378 200 443 Et
215 378 317 462 gemit
330 377 518 443 infrendens
533 380 685 445 amissum
700 383 812 447 nobile
827 384 954 468 pignus.

97 474 146 525 686
158 463 288 527 Atrides
302 463 348 533 sie
362 467 501 528 maestus
517 469 586 528 erat
600 464 639 527 de
654 467 790 551 coniuge
806 472 906 553 rapta.

156 546 285 611 Interea
298 549 425 611 Aeneas
440 547 565 611 rediens
580 548 700 633 legatio
716 550 845 615 Troiam

156 630 299 695 Uenerat
313 634 347 694 et
360 630 489 696 Priamo
505 631 688 698 Telamonis
703 634 788 699 dieta
802 638 954 718 reportat.

157 714 220 780 Sed
234 714 382 779 Paridem
397 716 526 799 genitor
536 720 707 799 postquam
723 740 790 782 non
807 719 890 782 uidit
903 723 1055 803 amatum,
1114 718 1118 723 ’

157 798 289 883 Plangit
304 802 336 863 et
351 798 495 863 albentes
509 800 689 865 immundat
703 802 836 884 puluere
851 821 958 868 eanos.
1063 821 1144 871 [6621

96 895 147 943 600
156 884 306 946 Antenor
315 882 444 947 Priamo
459 883 567 967 pelagi
581 906 713 949 narrare
727 886 853 951 labores

155 967 227 1030 Iam
240 966 319 1031 fletu
333 971 485 1031 manante
500 969 592 1053 genis
608 972 641 1033 et
655 970 743 1034 mille
757 970 877 1054 pericla

157 1050 331 1134 Coeperat:
345 1050 478 1147 ignarus
493 1051 624 1135 quidde
638 1065 768 1136 pastore
781 1056 924 1138 procella

154 1135 281 1199 Fecerit
296 1138 352 1199 aut
366 1136 493 1199 iuuenis
509 1137 642 1201 classem
657 1139 685 1201 si
699 1140 847 1203 merserit
862 1139 952 1203 unda

150 1218 291 1283 Nescius
307 1240 362 1283 ore
377 1220 488 1302 refert,
505 1221 568 1285 hoo
582 1224 709 1286 tantum
724 1245 818 1287 nosse
833 1223 954 1288 fatetur

95 1314 143 1363 595
155 1303 249 1378 Quod
263 1304 337 1387 pela
362 1304 372 1317 ”
385 1305 489 1369 rabies
504 1306 658 1370 subuerso
673 1308 798 1391 gurgite
813 1308 907 1390 ponti

156 1386 318 1471 Sparserit
331 1324 445 1453 iliacas
460 1388 495 1451 in
509 1393 699 1473 tempestate
714 1392 847 1455 carinas.

154 1470 216 1535 His
232 1472 325 1535 dietis
340 1473 441 1557 gemit
459 1474 533 1537 aula
549 1474 647 1538 dueis.
677 1496 710 1538 se
724 1475 863 1539 luctibus
878 1476 971 1557 atris,

155 1554 289 1619 Moenia
303 1555 427 1621 iustitio
442 1556 576 1621 foedant
592 1562 625 1623 et
638 1559 804 1645 plangitur
817 1559 911 1641 urbe„

155 1638 257 1705 Sexus
273 1645 407 1723 uterque
422 1642 539 1725 gemit,
554 1664 621 1706 non
637 1665 696 1726 pro
711 1644 840 1713 uirtutis
854 1646 979 1708 honore

95 1737 143 1785 000
154 1726 225 1787 Aut
238 1724 325 1807 quod
339 1724 414 1789 talis
428 1729 498 1790 erat
512 1726 569 1809 qui
582 1732 693 1809 posset
706 1728 792 1791 bella
805 1728 912 1793 subire

154 1810 225 1871 Aut
239 1808 367 1893 ingesta
382 1810 450 1892 pati
464 1809 517 1873 uel
532 1811 665 1874 summis
680 1812 802 1876 uiribus
817 1812 943 1875 hostem

154 1891 320 1976 Frangere
334 1896 368 1957 et
381 1892 535 1957 ensiferas
551 1894 618 1958 acie
633 1894 777 1979 iugulare
793 1895 942 1959 cohortes
957 1933 997 1943 -

154 1975 312 2051 Quamuis
327 1977 525 2061 Alexander,
542 1978 569 2041 si
583 1979 707 2042 uiribus
721 1979 868 2042 Herculis
883 1982 967 2041 esset

153 2061 312 2124 Aemulus
328 2065 385 2125 aut
399 2064 485 2127 certe
499 2062 698 2147 Meleagrum
713 2065 769 2125 aut
783 2062 907 2126 Thesea
921 2062 1021 2126 fortes

95 2156 140 2205 006
153 2147 322 2228 Aequaret
335 2146 456 2209 uirtute
471 2150 602 2229 potens,
617 2150 727 2210 tamen
741 2145 880 2210 Hectore
894 2167 1013 2231 magno

154 2226 286 2311 Sospite
300 2250 396 2293 nemo
412 2229 511 2293 Parin
530 2230 656 2314 lugeret
670 2230 765 2294 eorde
780 2230 902 2294 dolenti
918 2269 956 2277 —

153 2310 218 2377 Sed
233 2313 320 2397 regis
335 2313 411 2396 quia
425 2317 521 2378 natus
536 2317 619 2395 erat,
635 2314 673 2377 fit
685 2314 833 2397 planetus
848 2315 883 2377 in
897 2315 986 2378 urbe.

151 2395 185 2460 N
186 2417 240 2459 am
256 2398 439 2479 quicunque
454 2418 577 2461 memor
590 2397 709 2461 Heleni
722 2418 798 2461 mox
813 2398 897 2460 dieta
916 2397 1056 2484 tenebat,

151 2479 310 2543 Laetatur
325 2481 468 2565 gaudens
483 2482 538 2545 sed
552 2485 679 2545 tantum
693 2502 772 2545 uoce
788 2480 927 2544 dolebat.

95 2576 141 2622 010
151 2562 248 2627 Tune
261 2567 354 2647 pater
368 2565 494 2629 absenti
510 2566 670 2629 tumulum
684 2566 847 2629 formabat
860 2565 999 2647 inanem,

152 2646 203 2711 Ut
216 2648 352 2711 iacuisse
366 2652 460 2731 putes
475 2651 637 2732 praesenti
651 2653 754 2714 morte
769 2649 913 2712 cadauer.

149 2730 242 2795 Dum
256 2736 351 2814 parat
363 2732 494 2796 inferias
509 2734 638 2817 genitor
652 2737 790 2798 mactare
805 2733 950 2816 sepulcro
1060 2747 1091 2794 [a
1109 2745 1144 2797 6⁸]

149 2814 186 2879 N
188 2837 231 2879 on
247 2816 304 2879 nbi
319 2837 435 2899 corpus
450 2820 518 2880 erat
532 2818 584 2880 uel
599 2815 647 2881 nil
662 2819 778 2882 satiare
793 2839 920 2899 eruore,

152 2898 220 2963 Per
234 2899 320 2963 freta
335 2900 539 2983 conspiciunt
552 2904 665 2965 notam
680 2902 718 2965 de
732 2902 828 2965 litore
844 2901 983 2965 classem.

94 2994 141 3043 016
156 2982 272 3047 Prima
286 2984 364 3047 ratis
379 2984 506 3049 iuuenis
520 2985 621 3069 regali
635 2986 780 3068 praedita
794 2986 887 3069 signo

153 3070 307 3151 Apparet
321 3088 418 3151 quam
432 3072 517 3133 serta
531 3069 636 3154 ligant
651 3074 746 3134 enata
759 3069 883 3133 rosetis.

154 3150 306 3215 Candida
320 3152 416 3237 pepla
430 3153 545 3217 nolant
559 3157 592 3217 et
605 3155 737 3219 carbasa
751 3154 871 3217 sericus
886 3158 990 3238 ornat,

155 3303 210 3356 589
229 3302 329 3372 canos]
346 3306 412 3369 fort.
429 3308 519 3358 crines
571 3310 621 3358 690
637 3307 745 3358 Anteno
763 3324 832 3358 corr.
845 3308 894 3358 IM
944 3310 994 3359 59⁷
1011 3308 1061 3359 sed

90 3370 134 3421 602
158 3374 253 3425 aciem
277 3389 346 3424 corr.
368 3374 426 3424 IM
491 3375 542 3425 604
564 3376 655 3425 Tesea
724 3377 773 3427 612
796 3375 941 3440 sepulchro
1009 3377 1061 3426 614

92 3441 249 3505 respiciunt
271 3456 341 3492 eorr.
360 3441 378 3490 I
383 3441 417 3491 M
500 3444 549 3491 016
571 3442 668 3505 legant
691 3458 759 3492 corr.
779 3442 834 3493 IM
849 3443 854 3507 Ι
875 3446 972 3493 ornata
990 3458 1060 3493 corr.

90 3506 186 3561 Bacch.
207 3524 241 3559 m.
260 3509 301 3561 rt.
373 3508 422 3559 617
441 3510 547 3559 seriens
565 3524 634 3560 corr.
653 3509 670 3558 Ι
676 3510 709 3559 Μ

133 3590 275 3631 nucem
289 3584 402 3631 carmine.
841 3597 858 3642 4
970 3643 974 3650 ι
