2500 3917
497 265 539 316 rx
556 268 657 317 aar-u
1015 264 1057 331 53

153 412 206 480 Da
215 414 356 498 ueniam,
368 414 505 479 iuuenis
522 434 677 501 magnum
683 419 731 480 est
737 414 868 499 punisse
874 415 1055 498 triumphos

98 514 137 564 50
153 499 321 565 Hectoris:
336 498 400 563 hoc
414 502 464 581 sat
478 499 540 563 erit
554 499 640 582 quod
655 499 693 564 de
709 501 833 567 uictore
847 499 1038 583 triumphas.

153 585 225 649 lam
240 583 346 647 luctus
362 587 515 647 conuerte
529 587 603 647 tuos
617 584 658 647 ad
673 583 790 670 gaudia
804 584 918 667 uictor,

154 666 284 733 Gaudia
299 667 356 750 qui
370 666 555 751 Phrygibus
570 668 682 733 sollers
697 670 732 733 in
746 669 861 732 funera
875 668 982 735 uertis.
1026 702 1029 711 Α

153 752 274 817 Infelix
288 751 363 834 plus
379 751 476 815 Troia
490 752 592 836 gemit
606 774 703 836 quarn
718 752 824 837 perdit
838 751 982 816 Achilles

153 836 287 901 Fortior
302 835 399 899 occisi
413 856 612 920 consurgens
627 837 714 900 ultor
729 836 832 900 amici.

100 935 138 983 55
154 919 308 986 Infremis
322 919 500 983 Aeacides?
524 920 579 1003 qui
599 920 742 985 uindicet
755 918 897 984 Hectora
916 920 1056 984 nonest.

155 1008 253 1069 Anne
267 1002 367 1067 Parin
380 1003 514 1085 fortuna
527 1005 641 1068 iuuet?
657 1006 712 1088 qui
728 1006 815 1069 crine
830 1003 973 1068 madenti

153 1089 246 1153 Inter
258 1087 420 1172 lanigeras
435 1088 554 1173 gaudet
568 1090 699 1154 latuisse
714 1088 837 1173 puellas

153 1172 228 1237 Nec
242 1175 345 1236 mater
358 1172 543 1236 ueneranda
557 1172 647 1237 iubet
662 1172 750 1257 quod
764 1173 866 1238 laudis
881 1172 999 1235 habere

153 1256 230 1320 Hoc
244 1256 314 1340 agit
327 1260 361 1321 et
373 1277 517 1341 pugnam
532 1256 683 1321 thalamis
699 1260 825 1321 exercet
839 1256 964 1320 adulter

100 1354 138 1403 60
153 1340 292 1404 Pectore
309 1339 461 1404 femineo.
483 1339 620 1404 Ueneris
633 1362 710 1404 nam
725 1341 810 1404 bella
825 1339 952 1404 lacessit

157 1423 208 1488 Ut
220 1423 335 1488 Martis
350 1424 490 1488 declinet
504 1445 585 1508 opus
600 1425 653 1489 uel
668 1424 807 1488 fulmina
821 1424 926 1507 campi

154 1508 311 1592 Effugia.
331 1529 516 1593 magnoque
528 1513 615 1573 tacet
629 1508 739 1573 dotata
752 1507 909 1590 Lacaena,

156 1592 224 1658 San
271 1593 325 1655 ine
339 1592 570 1677 Troiugenum,
586 1590 721 1659 Graium
736 1592 846 1657 dotata
860 1611 982 1655 cruore.

153 1676 227 1741 Dar
248 1676 324 1740 anio
362 1677 412 1740 uis
426 1699 538 1741 murus
553 1678 615 1741 erit
627 1680 703 1761 post
716 1677 858 1741 Hectora
873 1696 997 1759 campo,

103 1776 137 1823 65
154 1760 322 1825 Aduersus
336 1698 468 1825 hanaos
483 1761 555 1844 quis
570 1760 729 1847 Pergama
742 1762 827 1825 fessa
840 1764 960 1843 tuetur,

154 1844 326 1928 Puppibus
341 1844 503 1929 Argolicis
518 1844 678 1930 Phrygios
694 1846 765 1929 quis
781 1844 899 1929 diriget
912 1844 1014 1929 ignes,

157 1927 237 2003 Quis
253 1928 427 1993 Telamone
443 1932 548 1993 satum
563 1932 717 1994 constans
737 1930 877 1993 umbone
891 1930 1060 1992 tonantem

158 2011 306 2077 Sustinet
319 2017 376 2078 aut
390 2012 505 2077 Teucri
519 2014 638 2077 tolerat
651 2033 710 2096 per
723 2012 808 2076 bella
822 2011 980 2159 sagttas?
1066 2034 1097 2082 [r.
1110 2036 1144 2085 cs]

158 2094 239 2171 Quis
253 2096 358 2160 hostis
372 2096 539 2162 Diomedis
555 2098 630 2181 erit,
646 2118 727 2181 quae
742 2101 849 2161 tunna
878 2118 959 2161 uren
975 2117 1025 2161 em

102 2195 138 2243 70
152 2179 288 2263 Excipit
301 2180 338 2244 in
352 2181 491 2265 clipeum
505 2202 641 2267 surgens
656 2203 728 2245 oum
743 2181 874 2246 torserit
887 2180 1013 2245 hastam

156 2264 302 2327 Turbine
317 2265 498 2350 belligero?
520 2268 591 2349 quis
606 2288 674 2331 non
688 2267 756 2330 sine
772 2266 905 2329 uulnere
920 2265 1040 2330 fractus

157 2346 311 2412 Concidit
325 2352 358 2413 et
371 2350 513 2414 moriens
527 2350 747 2414 tremibundos
786 2349 901 2433 orrigit
916 2348 1028 2413 artus?

158 2431 316 2515 Tydidem
332 2435 459 2498 Aeneas
473 2433 600 2499 rediens
614 2435 650 2498 in
664 2434 749 2498 bella
762 2373 908 2515 lacesset,

156 2517 190 2579 A
204 2537 269 2600 quo
285 2516 391 2581 uictus
405 2518 487 2601 abit,
503 2520 559 2601 qui
573 2518 735 2602 impressit
750 2517 886 2581 uulnera
900 2515 1019 2581 matri?

103 2614 138 2662 75
155 2599 244 2665 Nam
258 2601 388 2665 niueam
403 2602 517 2665 lusisse
531 2603 595 2666 fuit
608 2603 664 2685 pla
686 2620 740 2665 are
756 2599 927 2685 Cytheren.

156 2684 318 2769 Pergama
331 2685 436 2750 Pelidi
450 2686 554 2751 fateor
567 2690 643 2769 post
690 2690 798 2751 ectora
812 2687 950 2749 tractum

157 2766 237 2833 Non
251 2768 374 2833 bellum
389 2770 445 2835 sed
454 2772 573 2853 praeda
584 2774 697 2853 patent
709 2772 873 2854 spectante
886 2767 1060 2853 triumpho.

164 3023 198 3074 55
217 3023 330 3075 eacides
399 3026 432 3075 66
451 3025 530 3075 iubet
547 3040 617 3075 corr.
630 3024 727 3075 Bacch.
742 3023 747 3091 Ι
763 3027 867 3075 crimen
886 3024 981 3073 adenti
992 3037 1062 3072 corr.

88 3089 192 3141 Bacch.
262 3092 296 3140 58
313 3091 432 3142 habetur
453 3109 522 3143 corr.
543 3091 637 3146 Bacch.
706 3095 739 3142 62
761 3093 837 3141 iacet
858 3107 927 3141 corr.
947 3090 1045 3141 Bueclr.

89 3160 125 3208 64
146 3158 293 3207 Dardanis
310 3175 379 3209 corr.
397 3159 494 3213 Buect.
563 3161 596 3209 66
613 3159 763 3224 phrygibus
785 3174 853 3210 corr.
870 3158 967 3212 Bacch.
1030 3157 1062 3207 71

89 3230 128 3275 no
189 3226 224 3275 73
241 3225 369 3289 Tydiden
388 3224 527 3292 [lacessit
543 3242 612 3277 corr.
626 3225 724 3280 Bacch.
792 3229 825 3277 74
842 3226 961 3275 uulnena
1030 3224 1063 3275 76

90 3295 208 3343 nactum
225 3308 296 3343 corr.
314 3292 413 3345 Bacch.
