2500 3917
453 294 760 371 PRAEFATIO.
787 340 789 345 -
851 358 858 369 .
1052 212 1079 254 11

185 429 344 495 Draconti
372 428 515 493 carmina
541 430 646 493 adhuc
673 428 796 494 inedita
822 427 962 513 Neapoli
988 428 1088 493 latere

120 510 1088 685 ttlttttcttttgtffittt⁰att-”ltaliantutttt’
1123 523 1126 530 ’

121 706 194 767 nae,
216 684 331 767 inquo
348 680 386 747 de
407 686 519 775 nostro
534 680 692 746 Draconti
707 682 815 747 codice
837 683 902 746 iam
924 704 1010 745 anno
1031 681 1090 745 hu-

122 768 173 831 ius
197 766 315 832 saeculi
342 766 494 830 vicesimo
509 766 660 851 septimo
688 766 784 851 plene
811 767 947 831 relatum
975 768 1088 847 erat2).

121 854 232 935 Atque
246 848 390 915 Helenae
412 855 523 933 raptus
542 872 614 915 cum
636 854 766 934 poetam
787 850 945 914 indicaret
959 849 1089 914 doctum

122 958 225 1083 ecqtue
245 936 464 1083 qufflrmina
489 934 567 1000 fecit
589 935 765 1083 chplispiqena
786 936 813 999 si
835 957 905 1084 neq
924 934 1090 1031 meliorem

123 1040 158 1084 ce
193 1040 322 1084 eeru1
351 1040 438 1084 orem
505 1040 627 1083 orroa
691 1044 702 1083 1
735 1041 890 1083 rarume
933 1039 1089 1082 sermome

122 1104 271 1169 Africani
292 1042 716 1187 notitiam'pdomovendam
742 1104 854 1168 utilem
884 1125 988 1187 neque
1010 1102 1092 1166 indi-

122 1209 225 1273 gnum
241 1188 329 1252 cuius
345 1188 488 1253 carmina
502 1189 538 1252 in
553 1188 659 1252 lucem
673 1189 947 1273 protraherentur,
963 1186 1091 1271 Neapo-

122 1274 170 1337 lin
184 1269 349 1356 profectus
366 1272 516 1357 descripsi
531 1294 612 1357 quae
623 1273 711 1356 typis
725 1294 814 1337 nunc
828 1272 917 1337 rides
932 1293 1088 1355 expressa.

203 1356 311 1421 Codex
354 1361 403 1421 est
438 1356 654 1421 bibliothecae
689 1357 865 1421 nationalis
906 1356 1003 1420 ΝΕ
1047 1357 1090 1419 48

122 1441 310 1505 chartaceus
343 1440 378 1505 in
410 1440 490 1505 folio
520 1441 657 1525 scriptus
690 1440 816 1507 saeculo
839 1439 902 1504 XV
924 1439 1090 1504 desinente

121 1526 175 1589 vel
198 1524 277 1589 XVI
298 1525 439 1589 ineunte.
470 1524 624 1591 Continet
646 1529 754 1589 autem
775 1523 866 1590 CXV
886 1524 1015 1608 paginis
1038 1524 1089 1587 de

21 1642 24 1655 ·
122 1630 194 1673 cem
214 1606 371 1673 Draconti
400 1610 542 1674 carmina
564 1613 596 1673 et
623 1610 739 1673 decimi
766 1609 989 1694 apographum
1011 1608 1088 1673 alte·

120 1714 210 1775 rum,
240 1692 359 1777 eodem⁴
374 1714 438 1777 quo
465 1714 526 1758 nos
560 1693 673 1757 excudi
701 1692 851 1758 iussimus
881 1693 992 1757 ordine
1020 1714 1090 1776 per-

122 1778 269 1861 scripta'
296 1776 412 1841 Titulis
442 1778 731 1861 subscriptionibus
756 1779 898 1842 numeris
931 1777 994 1841 alia
1025 1799 1092 1840 ma-

120 1882 184 1925 nus
217 1865 396 1926 atramento
422 1863 525 1946 magis
556 1863 652 1947 nigro
681 1885 739 1927 usa
770 1862 942 1926 intervalla
975 1861 1092 1944 quibus

122 1945 345 2009 carminare]
374 1946 553 2011 carminum
580 1950 688 2031 partes
716 1950 906 2031 separantur
932 1946 1088 2029 implevit.

122 2028 187 2093 Sed
208 2052 263 2094 eos
285 2051 435 2094 numeros
458 2031 574 2115 quibus
590 2030 730 2095 decimus
753 2031 887 2117 quisque
902 2051 1012 2094 versus
1033 2051 1090 2093 no-

120 2116 210 2177 tatur
233 2114 343 2178 eadem
363 2133 478 2179 manus
500 2115 683 2198 adpinxisse
698 2115 826 2181 videtur
840 2137 922 2198 quae
945 2114 1088 2179 carmina

120 2198 365 2283 novemrpriora
379 2203 412 2263 et
423 2199 537 2263 decimi
550 2238 587 2246 —
598 2198 779 2263 Medeae-
794 2199 1017 2287 apographum
1033 2220 1090 2282 po-

121 2284 239 2346 sterius
262 2284 405 2348 exaravit
431 2284 508 2348 satis
529 2284 616 2348 bona
644 2288 740 2368 atquc
763 2284 926 2382 diligens'
943 2284 1090 2348 Priorem

120 2388 199 2430 vero
229 2366 376 2431 Medeam
404 2389 485 2451 quae
518 2369 647 2452 scripsit
678 2390 792 2434 manus
818 2390 855 2432 rn
882 2369 993 2432 charta
1027 2368 1090 2431 exi-

118 2450 202 2515 liore
231 2448 388 2535 serpentis
410 2453 503 2537 signo
526 2456 655 2535 notata,
683 2453 786 2536 magis
807 2452 915 2515 fluitat
943 2457 977 2515 et
998 2454 1090 2534 quasi

118 2535 207 2619 rapit
242 2535 352 2601 literas
385 2557 489 2621 neque
522 2538 681 2601 linearum
715 2540 837 2600 eertum
870 2535 1015 2600 ordinem
1043 2556 1090 2599 se·

120 2620 233 2702 quitur
255 2628 311 2683 aut
333 2620 471 2705 speciem
491 2620 671 2705 faciemque
692 2620 829 2685 nitidam
851 2623 950 2684 curat.
985 2618 1090 2695 Quare

118 2724 189 2767 non
217 2708 266 2767 est
292 2706 380 2788 quod
406 2706 560 2769 miremur
588 2727 661 2769 eum
685 2704 744 2789 'qui
772 2705 951 2789 possederit
971 2703 1090 2769 librum

118 2792 177 2851 aut
206 2790 333 2853 conseri
357 2789 447 2872 serit,
478 2790 701 2875 apographum
728 2790 827 2873 paulo
853 2788 988 2875 politius
1017 2789 1091 2852 sub-

117 2873 273 2939 iunxisse.
310 2872 395 2937 ham
418 2874 522 2938 solum
543 2874 633 2958 prius
656 2875 819 2959 exemplar
840 2872 1022 2938 adeundum
1039 2876 1089 2935 est

116 2976 225 3041 neque
252 2955 321 3023 ulla
349 2956 442 3021 alteri
470 2958 523 3022 isti
551 2958 629 3021 fides
656 2958 828 3023 tribuenda
855 2958 973 3042 quippe
1002 2955 1091 3040 quod

115 3062 187 3105 non
210 3040 353 3105 discedat
374 3044 521 3127 apriore
543 3043 607 3107 nisi
630 3042 686 3107 ubi
709 3043 760 3107 vel
785 3042 896 3107 oculus
925 3041 977 3105 vel
1007 3040 1091 3105 cala-
1127 3040 1136 3053 “

115 3146 190 3189 mus
212 3126 337 3191 scribae
358 3126 467 3209 lapsus
489 3127 532 3191 sit
553 3148 671 3195 errore.

189 3228 216 3293 1)
239 3229 387 3293 Appendix
410 3232 444 3281 ad
469 3246 554 3295 opera
573 3230 655 3281 ¹edita
685 3232 719 3280 ab
744 3230 850 3295 Angelo
871 3231 955 3285 Maio.
985 3230 1090 3281 Romae

114 3294 340 3347 MDOOCLXXI
359 3314 387 3363 p.
408 3300 439 3349 lc
458 3311 516 3365 sqq.
580 3330 583 3332 -

185 3362 214 3429 2)
238 3363 390 3429 catalogus
412 3366 603 3417 Bibliothecae
626 3367 748 3415 Latinae
770 3367 874 3417 veteris
896 3371 926 3415 et
948 3365 1086 3415 classicae

113 3432 325 3497 manuscriptae
333 3446 403 3497 quae
413 3432 721 3498 inregioNeapolitano
729 3433 985 3484 MusecBorbonieo
996 3432 1087 3482 adser-

113 3502 200 3549 vatur
218 3499 373 3565 descriptus
393 3500 539 3551 aOataldo
552 3500 699 3552 launellio.
716 3501 843 3587 ⁴Neapoli
855 3498 1088 3567 MDcccxxvn

113 3581 141 3629 p.
165 3569 218 3617 172
237 3580 297 3632 sqq.

845 3649 884 3702 a*
