2500 3917
223 275 264 340 66
642 276 770 326 neusa

287 426 413 491 Furtim
427 427 549 509 templs
561 426 657 509 petit,
674 429 852 489 sonuenmt
866 425 931 489 tela
945 424 1124 508 pharetris,

287 511 422 575 Exultat
436 510 548 595 ganisa
562 510 660 573 nimis
675 509 789 573 Medea
803 509 966 572 sacerdos:

225 607 274 655 185
287 594 441 659 Telorum
455 593 624 677 strepitum
639 598 745 657 castae
759 597 854 676 putat
868 614 957 657 arma
970 591 1099 657 Dianae

286 678 486 761 Increpuisse
500 677 609 759 tholo,
626 678 727 742 credit
740 699 800 741 sua
812 681 892 741 uota
906 676 1052 741 sacerdos

286 766 374 827 Ante
389 783 499 845 preces
513 762 641 825 audisse
655 762 755 825 deam.
787 782 863 825 mox
877 782 998 825 numen
1011 761 1149 824 adorans

288 846 410 911 ‘Omen
425 847 533 909 adest’
548 846 656 929 inquit
671 845 832 909 ε’1111111111
846 850 894 927 te,
913 844 1006 908 Luna
1020 843 1144 941 Diana,

287 929 452 995 Confiteor
465 934 626 1013 perstans,
642 929 734 993 heres
748 929 866 994 Proser
889 930 945 992 ina
959 929 1088 1011 mundi,

224 1026 274 1073 190
286 1014 371 1079 Num
385 1014 449 1077 tria
462 1033 564 1097 regna
576 1017 684 1077 tenes:
706 1016 743 1077 tu
758 1013 846 1077 caelo
862 951 1004 1097 dynthia
1017 1032 1150 1097 regnas,

283 1097 445 1162 Uenatrix
459 1101 588 1160 terrena
601 1097 715 1179 micas,
735 1098 823 1180 capis
837 1098 921 1161 atria
934 1095 1037 1179 Ditis,

285 1181 446 1264 Tempora
459 1180 669 1263 distribuens,
685 1182 794 1265 regnis
809 1189 842 1244 et
856 1181 1001 1245 cursibus
1016 1183 1110 1263 apta:

234 1284 242 1291 ’
285 1266 355 1329 Iam
428 1268 477 1329 tes
491 1264 601 1328 audita
614 1265 740 1348 loquor.
770 1265 853 1329 iacet
867 1265 974 1329 hostia
988 1264 1121 1347 templis

286 1349 349 1413 Per
387 1352 479 1413 uctus
494 1348 628 1412 aduecta
641 1349 736 1413 tuis'
767 1350 812 1413 sio
826 1349 895 1412 fata
907 1370 967 1432 per
980 1370 1052 1412 aras

225 1446 273 1494 191
285 1432 389 1518 Uirgo
405 1437 538 1497 cruenta
551 1432 671 1497 molam
686 1432 816 1516 perfert.
847 1437 881 1496 at
895 1432 1031 1516 mystica
1044 1432 1154 1497 nutrix

279 1517 377 1581 Fessa
387 1517 463 1581 licet
473 1516 684 1580 tremebunda
694 1521 811 1601 gemat,
826 1520 935 1581 tamen
947 1518 1018 1599 ipsa
1028 1517 1180 1581 iacentem

286 1600 430 1664 Tendere
446 1600 529 1663 colla
542 1601 632 1665 iubet
646 1602 698 1664 uel
713 1605 844 1683 pectora
858 1623 962 1684 prona
977 1601 1119 1684 supinet.

286 1684 374 1768 Ergo
389 1684 578 1767 peregrinus
593 1706 666 1747 cum
682 1686 747 1748 iam
762 1691 908 1749 uersatur
922 1684 1035 1767 Iason,

285 1767 382 1831 Forte
399 1768 508 1831 oculos
525 1789 584 1849 per
597 1771 683 1832 tecta
704 1769 806 1851 leuat,
829 1769 918 1833 uidet
932 1790 1004 1832 ecce
1019 1768 1180 1833 uolantem

223 1863 273 1912 200
286 1854 394 1934 Atque
409 1852 602 1915 salutantem
622 1874 768 1935 puerum.
798 1851 854 1916 sed
867 1857 967 1919 nauta
981 1856 1133 1935 precatur

285 1935 451 1999 Murmure
466 1934 604 2000 sollicito
619 1958 740 2000 numen
755 1936 841 2019 quod
855 1936 994 2000 mundus
1009 1936 1138 2001 adorat:
1230 2014 1231 2019 γ

287 2018 338 2083 ‘Si
353 2020 476 2083 caelum
491 2020 519 2082 si
533 2024 619 2083 terra
632 2021 681 2084 tui
695 2024 786 2103 sunt,
801 2021 899 2103 aime,
915 2021 1074 2103 triumphi

286 2102 349 2165 Uel
364 2102 519 2185 quidquid
533 2108 650 2167 natura
665 2109 768 2187 orest,
782 2105 810 2167 si
824 2105 992 2189 sanguinis
1008 2118 1122 2187 expers

285 2184 400 2248 Mortis
416 2189 448 2248 et
462 2184 637 2268 infaustae,
658 2188 714 2251 sed
733 2193 808 2253 sunt
826 2192 953 2253 tantum
967 2188 1078 2253 hostia
1091 2189 1180 2253 flores

221 2268 397 2332 205Mat1is
413 2272 446 2332 et
459 2269 597 2333 insertae
611 2272 755 2354 pendent
767 2294 826 2356 per
839 2273 961 2356 templa
975 2293 1116 2337 coronae

285 2353 448 2437 Sanguine
463 2353 603 2437 uirginei
616 2358 744 2419 tantum
760 2359 913 2420 contenta
925 2356 1075 2439 pudoris:
1209 2358 1213 2363 ’

285 2437 384 2521 Eripe
399 2459 449 2501 me
465 2439 515 2501 his
530 2438 651 2502 inuicte
666 2440 767 2503 malis.
798 2462 858 2525 ego
873 2440 1006 2504 uictima
1020 2462 1132 2505 seruor

286 2524 332 2584 At
355 2543 395 2584 ue
410 2523 534 2586 utinam
549 2544 672 2605 seruer,
687 2523 776 2588 iaceo
791 2524 954 2589 feriendus
969 2525 1004 2587 in
1019 2525 1106 2589 aris'
1228 2590 1229 2599 ,

284 2543 398 2699 Audiit
408 2606 609 2689 ignipotens,
625 2608 794 2671 hominum
805 2630 881 2671 nam
897 2630 1064 2671 murmura
1074 2608 1179 2689 sentit,

221 2698 272 2747 119
283 2687 327 2750 Et
341 2686 448 2751 ndens
463 2690 594 2772 gauisus
609 2692 669 2755 ait:
694 2692 817 2775 ‘pirata
831 2692 959 2774 decore,

282 2770 365 2845 Quid
379 2773 495 2835 metuis
510 2795 606 2855 quem
619 2775 688 2838 fata
702 2780 848 2859 manent,
871 2777 923 2840 cui
937 2777 1006 2840 uita
1022 2780 1180 2859 superstes

126 2884 159 2932 [p.
171 2882 208 2932 11]
286 2854 399 2919 Restat
412 2855 525 2938 adhuc,
541 2878 636 2939 quem
648 2880 750 2943 regna
762 2863 886 2943 petunt,
903 2860 954 2924 cui
968 2861 1063 2943 pellis
1078 2864 1183 2923 amata

246 2953 254 2961 “
284 2939 436 3005 Imminet
451 2944 483 3003 et
497 2941 638 3005 coniunx
653 2941 780 3007 dabitur
795 2943 907 3007 Medea
922 2944 1093 3008 sacerdos?

285 3024 348 3091 Sed
362 3045 486 3089 memor
501 3028 568 3089 esto
583 3026 649 3088 mei
662 3048 704 3090 ne
719 3032 751 3091 te
765 3027 897 3091 fortuna
912 3028 1086 3111 superbum

289 3213 337 3261 183
352 3213 417 3273 sort.
436 3218 512 3263 tecta
531 3208 650 3277 (Bucco.)
720 3215 769 3264 188
787 3215 877 3279 niquit
947 3216 994 3266 189
1013 3212 1131 3264 Confidis
1151 3229 1182 3262 eo

220 3277 261 3325 cui
281 3282 385 3328 uoculae
402 3283 566 3343 corruptelae
588 3287 649 3329 nota
670 3282 761 3331 additu
783 3289 822 3331 est
836 3282 949 3342 [mundi
1017 3284 1068 3333 204
1089 3287 1182 3331 tamen

220 3359 288 3396 corr,
307 3344 404 3397 Bacch.
473 3347 921 3408 1061111111111111115
994 3352 1182 3400 tormento

219 3417 293 3460 extat
310 3410 461 3475 ytergoy
512 3414 563 3462 208
581 3428 676 3463 seruer
737 3417 785 3464 211
807 3431 866 3465 eum
884 3432 951 3469 corr.
971 3416 1068 3469 Buech.
1131 3417 1182 3463 *21⁶2

220 3480 313 3591 {paeto
334 3491 402 3553 corr,
425 3492 461 3525 es
485 3484 584 3527 aurata
610 3484 695 3531 uersat
720 3486 883 3545 corruptelae
910 3491 969 3533 nota
994 3486 1116 3547 praefica
1144 3490 1182 3531 est

290 3556 408 3590 coniunx
