2500 3917
405 254 457 307 vn
477 257 611 309 rac-raa
629 256 696 308 v111
715 259 798 308 1-4a
1045 258 1086 324 31

181 404 343 489 Pergama
353 404 576 469 Dardanidum
592 405 711 469 uindex
725 406 760 469 in
775 406 861 470 bella
875 406 1050 474 lacessens:

181 488 226 553 Et
241 490 298 573 qui
312 488 471 554 Troianos
486 490 608 554 inuasit
622 495 719 555 nocte
733 494 830 573 poeta

129 586 166 635 20
181 574 335 639 Armatos
351 574 427 638 dum
441 574 558 639 clausit
572 596 666 658 equo,
681 574 737 658 qui
752 574 881 639 moenia
895 574 1011 641 Troiae

181 657 326 722 Perculit
340 663 373 722 et
387 658 552 723 Priamum
566 658 692 742 Pyrrho
707 658 843 723 feriente
857 661 1001 725 necauit:

181 740 327 806 Numina
339 747 447 807 uestra
456 764 576 807 uocans
583 742 739 827 quidquid
749 744 944 825 contempsit
951 748 1086 829 uterque

183 825 330 893 Scribere
344 825 417 891 Mus
461 848 552 910 enee,
568 828 631 892 hoc
645 828 720 891 uilis
736 826 854 912 colligo
868 832 968 893 uates.

181 909 255 974 Reli
280 912 349 975 uias
364 933 440 995 prae
464 933 502 976 ae
516 911 630 995 uulpes
646 933 774 995 sperare
788 911 920 975 leonum

130 1007 165 1055 25
186 994 255 1059 Lau
281 996 305 1059 's
321 996 452 1079 habent,
469 996 622 1061 meruisse
638 997 726 1061 cibos
739 1017 819 1079 quos
831 1000 924 1079 pasta
939 1003 1089 1064 recusant

182 1077 318 1144 Uiscera
333 1101 413 1164 quos
428 1081 534 1145 rabies
549 1082 614 1145 iam
629 1100 697 1145 non
711 1080 821 1145 ieiuna
835 1082 969 1164 remisit,

181 1162 343 1229 Exultant
356 1164 570 1249 praedamque
585 1169 702 1248 putant
715 1165 802 1229 nuda
817 1186 890 1229 ossa
903 1164 1054 1231 ferentes

180 1249 295 1313 Attica
308 1272 374 1314 uox
388 1254 435 1333 te,
453 1253 577 1332 sancte,
593 1250 694 1331 fouet,
709 1253 741 1313 te
756 1249 869 1333 lingua
883 1248 1002 1314 Latina

182 1330 411 1398 Commendat:
431 1334 563 1419 uulgata
578 1354 693 1416 precor
707 1355 788 1417 quae
803 1354 899 1396 causa
913 1339 1084 1401 nocentem

128 1427 165 1477 30
179 1414 274 1481 Fecit
287 1418 523 1500 Alexandrum,
539 1421 635 1502 raptu
650 1422 687 1482 nt
701 1417 855 1501 spoliaret
868 1418 1031 1501 Amyclas.

182 1500 381 1567 Caelicolum
394 1507 506 1586 pastor
520 1503 585 1567 iam
600 1502 726 1567 sederat
741 1502 861 1565 arbiter
873 1500 941 1583 Ida,
1095 1516 1125 1569 la·
1138 1517 1172 1570 acl

180 1585 251 1649 lam
266 1588 425 1671 gremium
440 1608 579 1671 caespes,
595 1588 661 1651 iam
675 1606 810 1671 surgens
824 1584 958 1650 herbida
971 1586 1068 1652 tellus

181 1668 297 1735 Stabat
311 1676 344 1736 et
358 1672 536 1737 aetherium
551 1672 682 1736 fuerant
695 1671 834 1735 herbosa
848 1670 1000 1735 tribunal.

183 1752 334 1820 Soluerat
347 1756 466 1820 Iliacus
480 1755 560 1821 caeli
575 1756 763 1820 uadimonia
778 1758 887 1837 pastor

128 1848 163 1897 ab
181 1838 227 1902 Et
240 1839 333 1903 litem
347 1840 428 1905 facit
442 1842 510 1923 ipse
526 1862 618 1903 suam
626 1890 636 1922 ,
656 1840 788 1903 laudata
801 1838 922 1902 recedit

182 1921 378 2007 Contempta
391 1925 515 1989 Iunone
531 1922 659 2005 Uenus,
674 1928 752 1987 tunc
767 1922 861 2005 uirgo
877 1921 993 1986 decora

181 2004 280 2072 Uicta
294 2008 396 2092 dolet,
411 2031 488 2075 nam
503 2008 605 2072 tristis
620 2008 702 2072 abit:
718 2007 781 2070 heu
795 2005 903 2070 nescia
917 2026 1008 2069 mens
1024 2011 1073 2070 est

181 2088 272 2175 Quae
287 2094 374 2157 mala
385 2094 593 2158 circumstent
611 2114 725 2155 ausum
738 2091 813 2155 dare
828 2090 899 2154 iura
911 2088 1087 2155 Mineruae.

179 2175 300 2241 Iudicis
315 2177 404 2242 Idaei
420 2180 524 2259 pretio
540 2177 702 2240 sententia
715 2177 820 2240 fertur

126 2270 162 2319 40
180 2258 427 2345 Damnaturque
443 2262 543 2326 Paris.
574 2282 634 2325 nec
648 2260 736 2325 solus
751 2263 861 2343 pastor
875 2259 1014 2322 habetur

179 2344 232 2409 Ex
248 2346 310 2409 hac
326 2347 382 2411 lite
397 2368 484 2411 reus:
501 2347 696 2409 damnantur
709 2348 813 2408 morte
829 2347 990 2425 parentes,

178 2428 388 2496 Damnantur
402 2431 518 2495 fratres
534 2434 567 2493 ct
581 2429 726 2512 quisquis
742 2429 777 2491 in
792 2426 871 2490 urbe
885 2426 1087 2509 propinquus

179 2515 250 2578 Aut
264 2521 423 2600 cognatus
439 2520 522 2598 erat,
537 2519 671 2579 cunctos
685 2534 772 2577 mors
786 2509 929 2593 explicat
942 2531 1015 2573 una.

181 2598 344 2682 Troiaque
359 2606 396 2665 at
409 2600 523 2663 infelix
538 2599 613 2663 urbs
629 2601 756 2661 tantum
770 2598 873 2659 morte
888 2594 1019 2678 periret,

124 2692 160 2741 45
182 2680 393 2747 Damnantur
408 2688 531 2769 gentes,
547 2684 720 2747 damnatur
734 2680 870 2745 Graecia
885 2678 998 2743 sollers

178 2765 255 2831 Heu
269 2768 398 2853 magnis
412 2768 576 2831 uiduanda
591 2768 685 2849 uiris,
701 2766 834 2830 orbatur
848 2767 883 2827 et
893 2762 961 2827 Eos

178 2850 356 2917 Memnone
370 2852 544 2937 belligero,
560 2851 733 2915 damnatur
746 2846 919 2913 Thessalus
934 2846 1030 2911 heros

178 2934 225 3000 Et
239 2935 415 3001 Telamone
431 2942 529 3019 satus,
545 2938 684 3020 pereunt
698 2934 761 2998 duo
777 2933 916 2996 fulmina
929 2928 1017 3012 belli,

182 3146 217 3194 20
235 3142 349 3193 Armato
367 3158 436 3193 corr.
454 3141 551 3193 Bacch.
569 3157 600 3190 m.
619 3141 652 3188 rh
724 3141 758 3189 23
776 3136 885 3200 collega
955 3137 988 3184 30
1006 3139 1088 3201 raptu

105 3210 238 3277 spoliare
308 3212 340 3261 31
366 3214 478 3275 praetor
499 3225 567 3259 corr.
585 3207 682 3261 Bue'clz,
702 3204 706 3270 Ι
725 3205 799 3254 ldenr
817 3219 887 3254 corr.
906 3201 1088 3253 Buech.1dae

105 3278 168 3329 IM
228 3280 262 3330 34
280 3276 385 3327 Iliacae
403 3276 535 3328 corr.IM
599 3276 632 3325 36
649 3268 763 3343 decora]
779 3272 1004 3335 sortcorraptum
1055 3273 1088 3321 3⁷

107 3344 186 3409 abijt
255 3348 290 3395 42
308 3347 336 3395 in
353 3348 441 3395 morte
510 3346 543 3393 43
561 3342 689 3407 implicat
706 3338 763 3390 IM
827 3340 862 3388 44
880 3340 928 3404 Aq3
946 3336 1011 3389 Trai
1023 3354 1089 3402 aup-

104 3415 194 3478 plectit
211 3412 311 3467 Bacch.
326 3410 423 3474 (Troia
440 3414 466 3461 in
484 3414 597 3476 marpine
614 3406 762 3472 ascriptae)
780 3408 890 3469 epatium
908 3421 958 3457 non
975 3408 1089 3456 relietum

108 3484 112 3543 Ι
133 3480 259 3531 infoelix
283 3477 288 3543 Ι
313 3485 396 3529 tanta
414 3478 512 3531 Bacch.
528 3479 665 3543 proposuit
688 3475 692 3541 Ι
716 3474 821 3540 perriet
845 3489 915 3526 corr.
933 3474 952 3522 I
958 3474 987 3523 M
1055 3474 1089 3523 46

105 3558 190 3600 eous:
212 3554 242 3598 et
267 3563 313 3598 eos
338 3547 356 3596 I
361 3548 391 3596 M
