2500 3917
488 253 558 307 vm
573 256 691 305 49-109
1029 255 1072 319 33

167 400 288 467 Infelix
304 401 452 466 Priamus
467 405 542 485 post
555 400 704 467 Herculis
720 425 808 467 arma
821 408 971 469 nouarat:

117 497 154 547 80
173 490 296 549 Annua
309 486 499 568 persoluens
514 487 650 570 ingratis
665 508 799 551 munera
815 487 897 551 diuis

167 569 459 635 Laomedontiades
474 571 627 653 capitolia
642 570 725 635 celsa
739 572 870 654 petebat

166 654 313 718 Reddere
328 658 407 719 uota
421 654 492 719 loui
500 705 508 737 ,
524 655 649 718 laturus
664 677 753 718 sacra
768 656 944 720 Mineruae.

167 738 219 801 Ad
237 738 382 802 dextram
397 739 554 822 genitoris
570 743 639 803 erat
652 739 847 803 fortissimus
862 740 998 822 Hector,

167 823 299 887 Troilus
314 823 356 885 ad
370 822 495 886 laeuam
510 823 629 906 pauido
645 825 819 888 comitante
834 823 954 907 Polite,
1081 859 1111 908 fl,
1121 860 1156 910 4⁰]

115 918 151 967 85
171 906 289 971 Cetera
302 914 455 970 natorum
470 908 566 971 turba
580 908 717 989 stipatus
733 908 851 971 abibat.

165 990 328 1075 Reginam
343 990 467 1054 interea
481 995 629 1055 natarum
643 992 738 1055 turba
752 996 886 1056 coronat

165 1074 213 1141 Et
226 1076 363 1139 nuribus
378 1075 532 1139 comitata
546 1075 638 1139 uenit
651 1076 707 1158 pia
720 1080 798 1140 uota
812 1076 1009 1141 ministrans.

164 1158 237 1223 Rex
247 1158 411 1223 Helenum
423 1160 577 1242 sequitur,
588 1158 785 1223 Cassandrae
796 1165 898 1224 mater
908 1160 1070 1225 adhaeret.

165 1242 256 1307 Dum
262 1247 406 1328 pergunt
414 1247 446 1307 et
456 1243 708 1327 templapetunt,
719 1245 901 1326 prorumpit
912 1245 947 1307 in
954 1266 1071 1329 agmen

113 1339 149 1388 90
166 1327 286 1391 Pastor
301 1332 334 1391 et
348 1327 505 1391 attonitos
521 1327 605 1391 elata
618 1348 698 1391 uoce
714 1328 847 1392 salutat:

168 1410 241 1477 ‘Sis
255 1411 335 1475 felix
350 1412 515 1495 princeps,
532 1433 643 1475 omnes
658 1411 779 1475 saluete
794 1411 918 1474 sodales

167 1499 240 1559 Aut
253 1495 371 1559 fratres
387 1501 424 1558 ut
438 1517 516 1559 uera
529 1496 641 1559 feram.
672 1499 707 1558 tu
723 1495 840 1559 fortior
853 1494 976 1558 Hector

166 1578 307 1643 Oulmen
323 1584 356 1643 et
370 1581 459 1644 urbis
474 1602 570 1663 apex,
586 1583 619 1643 et
633 1580 756 1643 uiribus
771 1578 889 1643 indolis
904 1580 1007 1642 almae

164 1664 293 1746 Troile,
308 1663 410 1728 frater
425 1684 495 1748 ego.
528 1663 660 1728 fratrem
676 1664 860 1747 cognoscite
875 1666 1027 1729 uestrum.

111 1760 146 1808 95
167 1748 352 1811 Germanus
367 1770 438 1811 sum
453 1751 591 1811 uestere
616 1769 635 1812 o
650 1747 834 1830 Priamique
848 1768 1008 1831 propage,

163 1831 302 1896 Hecuba
316 1832 363 1895 mi
377 1832 533 1916 genitrix,
550 1832 589 1895 ab
615 1832 681 1896 'cor
695 1831 933 1896 criminenullo

164 1916 294 1980 Paruus
309 1915 492 1981 Alexander
506 1920 618 2000 pastor
631 1916 772 1979 nutritus
788 1916 823 1977 in
837 1914 903 1978 Ida.

164 2000 237 2065 Neo
252 2006 365 2083 pastor
383 2000 426 2064 sit
440 2000 515 2082 uile,
531 1999 686 2083 Phryges,
702 2020 763 2083 ego
777 1999 884 2082 iurgia
898 1998 1009 2061 diuum

167 2082 370 2167 Compressi,
386 2106 462 2148 nam
477 2084 533 2147 lite
550 2088 638 2147 caret
651 2106 702 2146 me
717 2082 821 2147 iudice
836 2082 969 2146 caelum.

100 2180 150 2229 100
164 2168 202 2233 Si
218 2168 321 2233 credis
337 2190 491 2253 germana
505 2189 634 2250 manus,
650 2188 709 2231 nec
725 2170 829 2230 cetera
843 2166 928 2251 regis

167 2252 309 2317 Conscia
325 2252 422 2317 corda
443 2256 566 2336 negant
580 2274 641 2316 nec
655 2256 757 2315 mater
771 2252 890 2335 pignus
904 2251 1070 2315 abhorret:

164 2336 200 2401 N
202 2339 303 2401 oscite
320 2336 459 2419 depositi
473 2335 525 2400 uel
541 2340 626 2400 certa
641 2336 815 2417 crepundia
829 2335 965 2398 fratria'

163 2420 305 2485 Dixerat
320 2425 353 2485 et
366 2425 465 2484 testes
480 2421 607 2504 generis
621 2419 757 2503 proiecit
770 2420 805 2481 in
820 2439 900 2482 arce.

164 2504 256 2569 Uera
270 2505 350 2569 fides
364 2506 468 2587 pietas
484 2506 634 2587 quatiunt
647 2524 723 2567 mox
737 2501 834 2565 corda
847 2505 1016 2584 parentum

100 2602 149 2650 105
167 2589 421 2672 Admissumque
436 2590 527 2653 nefas
542 2609 700 2672 generosa
714 2590 820 2649 mente
835 2586 954 2655 fatetur

164 2672 273 2737 Fusus
288 2674 323 2738 in
339 2695 397 2737 ora
409 2674 519 2739 rubor.
549 2672 673 2737 Paridis
688 2692 762 2734 mox
779 2670 862 2734 colla
875 2670 1001 2734 lacertis

164 2756 304 2841 Adligat
318 2762 351 2821 et
366 2762 478 2821 natum
494 2758 572 2821 fletu
587 2754 756 2839 gaudentis
771 2754 909 2817 inundat
1076 2782 1108 2830 [p.
1120 2782 1156 2833 411

165 2840 408 2924 Conuictusque
422 2845 516 2925 pater
530 2842 657 2905 ueniam
676 2838 714 2901 de
729 2839 820 2921 prole
834 2840 979 2923 rogabat.

166 2924 373 3009 Obstupuere
389 2947 510 2990 omnes.
540 2927 644 2989 mater
657 2924 769 3007 ganisa
783 2923 927 3004 recurrit,

171 3132 205 3179 ‘19
224 3130 346 3179 infoelix
362 3129 366 3194 Ι
382 3136 500 3180 nouerat
516 3146 584 3180 corr.
597 3127 694 3178 Buce-lt.
713 3144 744 3176 m.
759 3128 798 3176 rt.
849 3129 882 3177 81
900 3127 1071 3178 Laumedon-

97 3197 195 3247 tiades
273 3199 307 3248 83
331 3197 455 3247 dextram
477 3214 546 3249 corr.
565 3212 600 3247 ex
623 3196 695 3244 detr-
776 3195 809 3244 85
832 3193 951 3245 Caetera
974 3196 1070 3248 Bacch.

95 3267 242 3329 proposuit
261 3265 296 3313 Et
314 3280 364 3315 rex
416 3268 446 3315 91
467 3264 555 3314 foelix
572 3264 724 3326 Princepes
742 3276 810 3312 corr.
830 3262 886 3311 IM
934 3264 967 3314 93
985 3264 1073 3313 etui-

98 3330 183 3381 r'ibns
201 3332 307 3381 indolis
326 3333 399 3398 alma
417 3340 571 3395 corruptum.
607 3333 689 3379 latere
707 3330 808 3378 uidetur
826 3332 876 3379 tale
895 3335 923 3379 et
939 3335 970 3380 tu
987 3331 1034 3381 lux

97 3402 133 3449 94
160 3400 334 3462 cognioaeite
413 3402 446 3450 96
469 3399 565 3449 Esuba
643 3399 819 3447 sinuantur
900 3401 947 3448 102
970 3398 1072 3449 fratres

97 3482 174 3516 corr.
193 3466 292 3517 Buecir.
310 3482 341 3521 m.
359 3469 398 3517 rt.
457 3470 506 3517 104
523 3482 595 3517 mors
612 3481 681 3518 corr.
694 3464 711 3513 I
716 3464 749 3514 M
804 3466 851 3516 106
869 3465 985 3530 pallidis
1002 3482 1072 3517 corr.

97 3534 168 3583 IM'
230 3535 278 3584 108
296 3536 419 3597 negabat
437 3551 504 3588 corr.
523 3534 576 3583 lM

150 3624 287 3663 mucorem
299 3626 411 3665 carmina.
854 3622 870 3668 3
