<?xml version="1.0" encoding="UTF-8"?>
<!DOCTYPE html PUBLIC "-//W3C//DTD XHTML 1.0 Transitional//EN"
    "http://www.w3.org/TR/xhtml1/DTD/xhtml1-transitional.dtd">
<html xmlns="http://www.w3.org/1999/xhtml" xml:lang="en" lang="en">
 <head>
  <title>
</title>
<meta http-equiv="Content-Type" content="text/html;charset=utf-8" />
  <meta name='ocr-system' content='tesseract 3.04.00' />
  <meta name='ocr-capabilities' content='ocr_page ocr_carea ocr_par ocr_line ocrx_word'/>
</head>
<body>
  <div class='ocr_page' id='page_1' title='image "./dracontiicarmin02dracgoog_0014.png"; bbox 0 0 2500 3917; ppageno 0'>
   <div class='ocr_carea' id='block_1_1' title="bbox 66 670 1121 837">
    <p class='ocr_par' dir='ltr' id='par_1_1' title="bbox 66 670 1121 837">
     <span class='ocr_line' id='line_1_1' title="bbox 66 670 1121 755; baseline -0.001 -15"><span class='ocrx_word' id='word_1_1' title='bbox 66 674 96 740; x_wconf 93' lang='grc' dir='ltr'>Ι.</span> <span class='ocrx_word' id='word_1_2' title='bbox 128 673 293 739; x_wconf 82' lang='lat' dir='ltr'>Praefatio</span> <span class='ocrx_word' id='word_1_3' title='bbox 307 672 475 737; x_wconf 87' lang='lat' dir='ltr'>Dracontii</span> <span class='ocrx_word' id='word_1_4' title='bbox 489 670 641 755; x_wconf 87' lang='lat' dir='ltr'>discipuli</span> <span class='ocrx_word' id='word_1_5' title='bbox 655 671 695 736; x_wconf 86' lang='lat' dir='ltr'>ad</span> <span class='ocrx_word' id='word_1_6' title='bbox 709 674 949 754; x_wconf 81' lang='lat' dir='ltr'>grammaticum</span> <span class='ocrx_word' id='word_1_7' title='bbox 963 672 1042 737; x_wconf 82' lang='lat' dir='ltr'>Feli·</span> <span class='ocrx_word' id='word_1_8' title='bbox 1055 690 1086 739; x_wconf 82' lang='lat' dir='ltr'>u·</span> <span class='ocrx_word' id='word_1_9' title='bbox 1101 691 1121 739; x_wconf 87' lang='lat' dir='ltr'>u</span> 
     </span>
     <span class='ocr_line' id='line_1_2' title="bbox 68 760 1040 837; baseline -0.001 -9"><span class='ocrx_word' id='word_1_10' title='bbox 68 763 211 837; x_wconf 81' lang='lat' dir='ltr'>ciarum,</span> <span class='ocrx_word' id='word_1_11' title='bbox 225 762 283 825; x_wconf 91' lang='lat' dir='ltr'>ubi</span> <span class='ocrx_word' id='word_1_12' title='bbox 297 760 385 825; x_wconf 87' lang='lat' dir='ltr'>dicta</span> <span class='ocrx_word' id='word_1_13' title='bbox 394 762 452 836; x_wconf 87' lang='lat' dir='ltr'>est,</span> <span class='ocrx_word' id='word_1_14' title='bbox 467 762 566 825; x_wconf 87' lang='lat' dir='ltr'>metro</span> <span class='ocrx_word' id='word_1_15' title='bbox 580 760 745 825; x_wconf 86' lang='lat' dir='ltr'>trochaico</span> <span class='ocrx_word' id='word_1_16' title='bbox 755 778 824 825; x_wconf 89' lang='lat' dir='ltr'>cun</span> <span class='ocrx_word' id='word_1_17' title='bbox 833 760 1040 827; x_wconf 86' lang='lat' dir='ltr'>fabulaYlao.</span> 
     </span>
    </p>
   </div>
   <div class='ocr_carea' id='block_1_2' title="bbox 90 913 1041 2005">
    <p class='ocr_par' dir='ltr' id='par_1_2' title="bbox 141 913 1019 1251">
     <span class='ocr_line' id='line_1_3' title="bbox 142 913 949 997; baseline -0.004 -19"><span class='ocrx_word' id='word_1_18' title='bbox 142 914 310 997; x_wconf 83' lang='lat' dir='ltr'><strong>Orpheum</strong></span> <span class='ocrx_word' id='word_1_19' title='bbox 324 917 432 978; x_wconf 89' lang='lat' dir='ltr'>uatem</span> <span class='ocrx_word' id='word_1_20' title='bbox 447 918 600 977; x_wconf 74' lang='lat' dir='ltr'>enarrant</span> <span class='ocrx_word' id='word_1_21' title='bbox 614 917 651 976; x_wconf 89' lang='lat' dir='ltr'>ut</span> <span class='ocrx_word' id='word_1_22' title='bbox 664 914 809 995; x_wconf 86' lang='lat' dir='ltr'>priorum</span> <span class='ocrx_word' id='word_1_23' title='bbox 822 913 949 977; x_wconf 78' lang='lat' dir='ltr'>litterae</span> 
     </span>
     <span class='ocr_line' id='line_1_4' title="bbox 142 995 929 1079; baseline -0.003 -16"><span class='ocrx_word' id='word_1_24' title='bbox 142 998 325 1063; x_wconf 75' lang='lat' dir='ltr'>Cantitasse</span> <span class='ocrx_word' id='word_1_25' title='bbox 341 995 432 1062; x_wconf 89' lang='lat' dir='ltr'>dulce</span> <span class='ocrx_word' id='word_1_26' title='bbox 448 1017 577 1061; x_wconf 86' lang='lat' dir='ltr'>carmen</span> <span class='ocrx_word' id='word_1_27' title='bbox 592 1018 672 1062; x_wconf 89' lang='lat' dir='ltr'>uoce</span> <span class='ocrx_word' id='word_1_28' title='bbox 685 1018 786 1060; x_wconf 89' lang='lat' dir='ltr'>neruo</span> <span class='ocrx_word' id='word_1_29' title='bbox 801 998 929 1079; x_wconf 87' lang='lat' dir='ltr'>pectine</span> 
     </span>
     <span class='ocr_line' id='line_1_5' title="bbox 141 1080 1019 1166; baseline -0.003 -20"><span class='ocrx_word' id='word_1_30' title='bbox 141 1082 233 1146; x_wconf 89' lang='lat' dir='ltr'>Inter</span> <span class='ocrx_word' id='word_1_31' title='bbox 247 1104 345 1148; x_wconf 88' lang='lat' dir='ltr'>ornos</span> <span class='ocrx_word' id='word_1_32' title='bbox 359 1086 493 1165; x_wconf 82' lang='lat' dir='ltr'>propter</span> <span class='ocrx_word' id='word_1_33' title='bbox 507 1102 616 1145; x_wconf 90' lang='lat' dir='ltr'>amnes</span> <span class='ocrx_word' id='word_1_34' title='bbox 632 1086 728 1166; x_wconf 90' lang='lat' dir='ltr'>atque</span> <span class='ocrx_word' id='word_1_35' title='bbox 743 1083 869 1145; x_wconf 91' lang='lat' dir='ltr'>montes</span> <span class='ocrx_word' id='word_1_36' title='bbox 881 1080 1019 1165; x_wconf 85' lang='lat' dir='ltr'>algidus,</span> 
     </span>
     <span class='ocr_line' id='line_1_6' title="bbox 144 1164 1012 1251; baseline -0.003 -22"><span class='ocrx_word' id='word_1_37' title='bbox 144 1165 248 1241; x_wconf 84' lang='lat' dir='ltr'>Quem</span> <span class='ocrx_word' id='word_1_38' title='bbox 261 1166 424 1249; x_wconf 84' lang='lat' dir='ltr'>benignus</span> <span class='ocrx_word' id='word_1_39' title='bbox 440 1186 517 1251; x_wconf 85' lang='lat' dir='ltr'>grex</span> <span class='ocrx_word' id='word_1_40' title='bbox 532 1168 659 1229; x_wconf 88' lang='lat' dir='ltr'>secutus</span> <span class='ocrx_word' id='word_1_41' title='bbox 674 1188 747 1231; x_wconf 90' lang='lat' dir='ltr'>cum</span> <span class='ocrx_word' id='word_1_42' title='bbox 763 1170 895 1229; x_wconf 87' lang='lat' dir='ltr'>cruenta</span> <span class='ocrx_word' id='word_1_43' title='bbox 909 1164 1012 1227; x_wconf 89' lang='lat' dir='ltr'>bestia</span> 
     </span>
    </p>

    <p class='ocr_par' dir='ltr' id='par_1_3' title="bbox 107 1248 1041 1667">
     <span class='ocr_line' id='line_1_7' title="bbox 107 1248 914 1332; baseline 0 -21"><span class='ocrx_word' id='word_1_44' title='bbox 107 1263 124 1311; x_wconf 83' lang='lat'>5</span> <span class='ocrx_word' id='word_1_45' title='bbox 140 1250 287 1313; x_wconf 89' lang='lat' dir='ltr'>Audiens</span> <span class='ocrx_word' id='word_1_46' title='bbox 302 1250 402 1313; x_wconf 91' lang='lat' dir='ltr'>melos</span> <span class='ocrx_word' id='word_1_47' title='bbox 418 1250 567 1332; x_wconf 79' lang='lat' dir='ltr'>stupebat</span> <span class='ocrx_word' id='word_1_48' title='bbox 579 1251 768 1314; x_wconf 83' lang='lat' dir='ltr'>concinente</span> <span class='ocrx_word' id='word_1_49' title='bbox 782 1248 914 1331; x_wconf 86' lang='lat' dir='ltr'>pollice:</span> 
     </span>
     <span class='ocr_line' id='line_1_8' title="bbox 141 1332 984 1417; baseline -0.004 -20"><span class='ocrx_word' id='word_1_50' title='bbox 141 1334 235 1397; x_wconf 79' lang='lat' dir='ltr'>Tunc</span> <span class='ocrx_word' id='word_1_51' title='bbox 249 1334 335 1397; x_wconf 87' lang='lat' dir='ltr'>feras</span> <span class='ocrx_word' id='word_1_52' title='bbox 349 1333 481 1415; x_wconf 90' lang='lat' dir='ltr'>reliquit</span> <span class='ocrx_word' id='word_1_53' title='bbox 495 1333 557 1415; x_wconf 88' lang='lat' dir='ltr'>ira,</span> <span class='ocrx_word' id='word_1_54' title='bbox 574 1336 652 1398; x_wconf 86' lang='lat' dir='ltr'>tuno</span> <span class='ocrx_word' id='word_1_55' title='bbox 666 1354 770 1417; x_wconf 86' lang='lat' dir='ltr'>pauor</span> <span class='ocrx_word' id='word_1_56' title='bbox 783 1332 984 1414; x_wconf 83' lang='lat' dir='ltr'>perterritas,</span> 
     </span>
     <span class='ocr_line' id='line_1_9' title="bbox 141 1414 978 1501; baseline -0.006 -20"><span class='ocrx_word' id='word_1_57' title='bbox 141 1418 249 1481; x_wconf 88' lang='lat' dir='ltr'>Lenta</span> <span class='ocrx_word' id='word_1_58' title='bbox 263 1417 371 1501; x_wconf 84' lang='lat' dir='ltr'>tigris,</span> <span class='ocrx_word' id='word_1_59' title='bbox 388 1438 500 1481; x_wconf 91' lang='lat' dir='ltr'>ceruus</span> <span class='ocrx_word' id='word_1_60' title='bbox 515 1417 635 1499; x_wconf 88' lang='lat' dir='ltr'>audax,</span> <span class='ocrx_word' id='word_1_61' title='bbox 650 1417 737 1481; x_wconf 89' lang='lat' dir='ltr'>mitis</span> <span class='ocrx_word' id='word_1_62' title='bbox 752 1437 845 1478; x_wconf 90' lang='lat' dir='ltr'>ursus</span> <span class='ocrx_word' id='word_1_63' title='bbox 860 1414 978 1493; x_wconf 82' lang='lat' dir='ltr'>adfuit,</span> 
     </span>
     <span class='ocr_line' id='line_1_10' title="bbox 141 1500 984 1584; baseline -0.007 -18"><span class='ocrx_word' id='word_1_64' title='bbox 141 1500 176 1566; x_wconf 92' lang='lat' dir='ltr'>N</span> <span class='ocrx_word' id='word_1_65' title='bbox 177 1523 220 1565; x_wconf 91' lang='lat' dir='ltr'>on</span> <span class='ocrx_word' id='word_1_66' title='bbox 235 1502 349 1584; x_wconf 90' lang='lat' dir='ltr'>lupum</span> <span class='ocrx_word' id='word_1_67' title='bbox 362 1501 500 1566; x_wconf 88' lang='lat' dir='ltr'>timebat</span> <span class='ocrx_word' id='word_1_68' title='bbox 514 1521 613 1584; x_wconf 84' lang='lat' dir='ltr'>agna,</span> <span class='ocrx_word' id='word_1_69' title='bbox 629 1522 697 1565; x_wconf 89' lang='lat' dir='ltr'>non</span> <span class='ocrx_word' id='word_1_70' title='bbox 712 1501 840 1564; x_wconf 92' lang='lat' dir='ltr'>leonem</span> <span class='ocrx_word' id='word_1_71' title='bbox 855 1519 984 1581; x_wconf 81' lang='lat' dir='ltr'>caprea,</span> 
     </span>
     <span class='ocr_line' id='line_1_11' title="bbox 140 1582 1041 1667; baseline -0.002 -18"><span class='ocrx_word' id='word_1_72' title='bbox 140 1584 221 1649; x_wconf 88' lang='lat' dir='ltr'>Non</span> <span class='ocrx_word' id='word_1_73' title='bbox 232 1585 327 1667; x_wconf 84' lang='lat' dir='ltr'>lepus</span> <span class='ocrx_word' id='word_1_74' title='bbox 339 1585 405 1649; x_wconf 91' lang='lat' dir='ltr'>iam</span> <span class='ocrx_word' id='word_1_75' title='bbox 419 1584 538 1667; x_wconf 87' lang='lat' dir='ltr'>praeda</span> <span class='ocrx_word' id='word_1_76' title='bbox 554 1606 650 1649; x_wconf 90' lang='lat' dir='ltr'>saeuo</span> <span class='ocrx_word' id='word_1_77' title='bbox 665 1589 743 1648; x_wconf 90' lang='lat' dir='ltr'>tune</span> <span class='ocrx_word' id='word_1_78' title='bbox 758 1583 898 1647; x_wconf 84' lang='lat' dir='ltr'>molosso</span> <span class='ocrx_word' id='word_1_79' title='bbox 913 1582 1041 1665; x_wconf 83' lang='lat' dir='ltr'>iugiter.</span> 
     </span>
    </p>

    <p class='ocr_par' dir='ltr' id='par_1_4' title="bbox 90 1666 995 2005">
     <span class='ocr_line' id='line_1_12' title="bbox 90 1666 995 1753; baseline -0.001 -24"><span class='ocrx_word' id='word_1_80' title='bbox 90 1683 125 1729; x_wconf 89' lang='lat'>10</span> <span class='ocrx_word' id='word_1_81' title='bbox 139 1672 222 1733; x_wconf 87' lang='lat' dir='ltr'>Arte</span> <span class='ocrx_word' id='word_1_82' title='bbox 237 1669 309 1751; x_wconf 89' lang='lat' dir='ltr'>sed,</span> <span class='ocrx_word' id='word_1_83' title='bbox 324 1673 440 1733; x_wconf 88' lang='lat' dir='ltr'>natura</span> <span class='ocrx_word' id='word_1_84' title='bbox 454 1689 561 1731; x_wconf 88' lang='lat' dir='ltr'>rerum</span> <span class='ocrx_word' id='word_1_85' title='bbox 598 1670 648 1732; x_wconf 89' lang='lat' dir='ltr'>uis</span> <span class='ocrx_word' id='word_1_86' title='bbox 666 1671 764 1753; x_wconf 81' lang='lat' dir='ltr'>negat</span> <span class='ocrx_word' id='word_1_87' title='bbox 777 1666 995 1747; x_wconf 87' lang='lat' dir='ltr'>concordiam,</span> 
     </span>
     <span class='ocr_line' id='line_1_13' title="bbox 140 1690 941 1835; baseline -0.006 -18"><span class='ocrx_word' id='word_1_88' title='bbox 140 1752 212 1817; x_wconf 90' lang='lat' dir='ltr'>Hos</span> <span class='ocrx_word' id='word_1_89' title='bbox 228 1754 337 1835; x_wconf 85' lang='lat' dir='ltr'>chelys</span> <span class='ocrx_word' id='word_1_90' title='bbox 352 1752 464 1816; x_wconf 88' lang='lat' dir='ltr'>Musca</span> <span class='ocrx_word' id='word_1_91' title='bbox 478 1755 564 1815; x_wconf 89' lang='lat' dir='ltr'>totos</span> <span class='ocrx_word' id='word_1_92' title='bbox 576 1690 789 1835; x_wconf 77' lang='lat' dir='ltr'>itrpheusque</span> <span class='ocrx_word' id='word_1_93' title='bbox 803 1750 941 1814; x_wconf 78' lang='lat' dir='ltr'>miscuit.</span> 
     </span>
     <span class='ocr_line' id='line_1_14' title="bbox 142 1832 950 1920; baseline -0.01 -18"><span class='ocrx_word' id='word_1_94' title='bbox 142 1836 261 1902; x_wconf 85' lang='lat' dir='ltr'>Sancte</span> <span class='ocrx_word' id='word_1_95' title='bbox 276 1840 368 1920; x_wconf 90' lang='lat' dir='ltr'>pater</span> <span class='ocrx_word' id='word_1_96' title='bbox 383 1859 401 1900; x_wconf 92' lang='lat' dir='ltr'>o</span> <span class='ocrx_word' id='word_1_97' title='bbox 416 1836 585 1920; x_wconf 84' lang='lat' dir='ltr'>magister,</span> <span class='ocrx_word' id='word_1_98' title='bbox 601 1836 710 1899; x_wconf 89' lang='lat' dir='ltr'>taliter</span> <span class='ocrx_word' id='word_1_99' title='bbox 725 1832 885 1899; x_wconf 88' lang='lat' dir='ltr'>canendus</span> <span class='ocrx_word' id='word_1_100' title='bbox 901 1854 950 1914; x_wconf 90' lang='lat' dir='ltr'>es,</span> 
     </span>
     <span class='ocr_line' id='line_1_15' title="bbox 143 1919 899 2005; baseline -0.007 -21"><span class='ocrx_word' id='word_1_101' title='bbox 143 1920 206 1995; x_wconf 85' lang='lat' dir='ltr'>Qui</span> <span class='ocrx_word' id='word_1_102' title='bbox 221 1922 350 2005; x_wconf 83' lang='lat' dir='ltr'>fugatas</span> <span class='ocrx_word' id='word_1_103' title='bbox 366 1920 538 1984; x_wconf 87' lang='lat' dir='ltr'>Africanae</span> <span class='ocrx_word' id='word_1_104' title='bbox 553 1919 663 1983; x_wconf 83' lang='lat' dir='ltr'>reddis</span> <span class='ocrx_word' id='word_1_105' title='bbox 673 1920 746 1983; x_wconf 91' lang='lat' dir='ltr'>urbi</span> <span class='ocrx_word' id='word_1_106' title='bbox 760 1919 899 1999; x_wconf 89' lang='lat' dir='ltr'>litteras,</span> 
     </span>
    </p>
   </div>
   <div class='ocr_carea' id='block_1_3' title="bbox 92 2000 998 2482">
    <p class='ocr_par' dir='ltr' id='par_1_5' title="bbox 142 2000 883 2087">
     <span class='ocr_line' id='line_1_16' title="bbox 142 2000 883 2087; baseline -0.005 -20"><span class='ocrx_word' id='word_1_107' title='bbox 142 2004 296 2069; x_wconf 82' lang='lat' dir='ltr'>Barbaria</span> <span class='ocrx_word' id='word_1_108' title='bbox 313 2005 368 2087; x_wconf 91' lang='lat' dir='ltr'>qui</span> <span class='ocrx_word' id='word_1_109' title='bbox 383 2002 570 2067; x_wconf 81' lang='lat' dir='ltr'>Romulidas</span> <span class='ocrx_word' id='word_1_110' title='bbox 585 2004 693 2086; x_wconf 83' lang='lat' dir='ltr'>iungis</span> <span class='ocrx_word' id='word_1_111' title='bbox 708 2000 883 2080; x_wconf 87' lang='lat' dir='ltr'>auditorio,</span> 
     </span>
    </p>

    <p class='ocr_par' dir='ltr' id='par_1_6' title="bbox 92 2084 998 2482">
     <span class='ocr_line' id='line_1_17' title="bbox 92 2084 972 2170; baseline -0.005 -21"><span class='ocrx_word' id='word_1_112' title='bbox 92 2102 124 2149; x_wconf 83' lang='lat'>15</span> <span class='ocrx_word' id='word_1_113' title='bbox 142 2087 241 2153; x_wconf 86' lang='lat' dir='ltr'>Cuius</span> <span class='ocrx_word' id='word_1_114' title='bbox 257 2087 384 2152; x_wconf 86' lang='lat' dir='ltr'>ordines</span> <span class='ocrx_word' id='word_1_115' title='bbox 399 2086 545 2170; x_wconf 84' lang='lat' dir='ltr'>profecto</span> <span class='ocrx_word' id='word_1_116' title='bbox 563 2108 688 2169; x_wconf 90' lang='lat' dir='ltr'>semper</span> <span class='ocrx_word' id='word_1_117' title='bbox 703 2084 972 2167; x_wconf 75' lang='lat' dir='ltr'>obstupescimus,</span> 
     </span>
     <span class='ocr_line' id='line_1_18' title="bbox 143 2168 998 2254; baseline -0.007 -19"><span class='ocrx_word' id='word_1_118' title='bbox 143 2171 231 2246; x_wconf 86' lang='lat' dir='ltr'>Quos</span> <span class='ocrx_word' id='word_1_119' title='bbox 247 2172 334 2254; x_wconf 89' lang='lat' dir='ltr'>capit</span> <span class='ocrx_word' id='word_1_120' title='bbox 347 2170 481 2235; x_wconf 89' lang='lat' dir='ltr'>dulcedo</span> <span class='ocrx_word' id='word_1_121' title='bbox 497 2170 612 2253; x_wconf 69' lang='lat' dir='ltr'>aestu,</span> <span class='ocrx_word' id='word_1_122' title='bbox 628 2171 754 2252; x_wconf 92' lang='lat' dir='ltr'>doctor,</span> <span class='ocrx_word' id='word_1_123' title='bbox 771 2169 836 2233; x_wconf 91' lang='lat' dir='ltr'>oris</span> <span class='ocrx_word' id='word_1_124' title='bbox 850 2168 998 2231; x_wconf 83' lang='lat' dir='ltr'>maxima.</span> 
     </span>
     <span class='ocr_line' id='line_1_19' title="bbox 141 2252 971 2337; baseline -0.007 -18"><span class='ocrx_word' id='word_1_125' title='bbox 141 2255 265 2320; x_wconf 90' lang='lat' dir='ltr'>Nostra</span> <span class='ocrx_word' id='word_1_126' title='bbox 279 2259 357 2319; x_wconf 91' lang='lat' dir='ltr'>uota</span> <span class='ocrx_word' id='word_1_127' title='bbox 370 2259 403 2318; x_wconf 93' lang='lat' dir='ltr'>te</span> <span class='ocrx_word' id='word_1_128' title='bbox 418 2275 585 2337; x_wconf 81' lang='lat' dir='ltr'>precamur</span> <span class='ocrx_word' id='word_1_129' title='bbox 599 2257 637 2317; x_wconf 91' lang='lat' dir='ltr'>ut</span> <span class='ocrx_word' id='word_1_130' title='bbox 651 2252 819 2336; x_wconf 90' lang='lat' dir='ltr'>secundes,</span> <span class='ocrx_word' id='word_1_131' title='bbox 835 2252 971 2335; x_wconf 88' lang='lat' dir='ltr'>optime,</span> 
     </span>
     <span class='ocr_line' id='line_1_20' title="bbox 142 2334 940 2482; baseline -0.008 -79"><span class='ocrx_word' id='word_1_132' title='bbox 142 2342 230 2403; x_wconf 92' lang='lat' dir='ltr'>Ante</span> <span class='ocrx_word' id='word_1_133' title='bbox 247 2343 363 2403; x_wconf 88' lang='lat' dir='ltr'>cuncta</span> <span class='ocrx_word' id='word_1_134' title='bbox 376 2360 445 2403; x_wconf 91' lang='lat' dir='ltr'>non</span> <span class='ocrx_word' id='word_1_135' title='bbox 459 2360 609 2402; x_wconf 89' lang='lat' dir='ltr'>recusans</span> <span class='ocrx_word' id='word_1_136' title='bbox 623 2337 704 2401; x_wconf 91' lang='lat' dir='ltr'>illud</span> <span class='ocrx_word' id='word_1_137' title='bbox 717 2338 786 2482; x_wconf 61' lang='lat' dir='ltr'>ipse</span> <span class='ocrx_word' id='word_1_138' title='bbox 801 2334 940 2420; x_wconf 91' lang='lat' dir='ltr'>pendere</span> 
     </span>
    </p>
   </div>
   <div class='ocr_carea' id='block_1_4' title="bbox 91 2419 1041 2675">
    <p class='ocr_par' dir='ltr' id='par_1_7' title="bbox 91 2419 1041 2675">
     <span class='ocr_line' id='line_1_21' title="bbox 142 2419 1022 2502; baseline -0.01 -14"><span class='ocrx_word' id='word_1_139' title='bbox 142 2423 220 2489; x_wconf 91' lang='lat' dir='ltr'>Non</span> <span class='ocrx_word' id='word_1_140' title='bbox 235 2428 293 2487; x_wconf 87' lang='lat' dir='ltr'>tua</span> <span class='ocrx_word' id='word_1_141' title='bbox 307 2424 428 2486; x_wconf 87' lang='lat' dir='ltr'>uirtute</span> <span class='ocrx_word' id='word_1_142' title='bbox 443 2421 552 2485; x_wconf 66' lang='lat' dir='ltr'>mades</span> <span class='ocrx_word' id='word_1_143' title='bbox 567 2425 676 2486; x_wconf 93' lang='lat' dir='ltr'>mente</span> <span class='ocrx_word' id='word_1_144' title='bbox 690 2442 723 2484; x_wconf 91' lang='lat' dir='ltr'>se</span> <span class='ocrx_word' id='word_1_145' title='bbox 766 2441 830 2502; x_wconf 87' lang='lat' dir='ltr'>qua</span> <span class='ocrx_word' id='word_1_146' title='bbox 844 2419 1022 2481; x_wconf 90' lang='lat' dir='ltr'>concinam.</span> 
     </span>
     <span class='ocr_line' id='line_1_22' title="bbox 91 2501 1041 2587; baseline -0.002 -21"><span class='ocrx_word' id='word_1_147' title='bbox 91 2520 126 2567; x_wconf 81' lang='lat' dir='ltr'>ao</span> <span class='ocrx_word' id='word_1_148' title='bbox 141 2506 211 2571; x_wconf 89' lang='lat' dir='ltr'>Nos</span> <span class='ocrx_word' id='word_1_149' title='bbox 226 2507 303 2571; x_wconf 90' lang='lat' dir='ltr'>licet</span> <span class='ocrx_word' id='word_1_150' title='bbox 316 2506 400 2570; x_wconf 90' lang='lat' dir='ltr'>nihil</span> <span class='ocrx_word' id='word_1_151' title='bbox 415 2505 575 2587; x_wconf 90' lang='lat' dir='ltr'>ualemus,</span> <span class='ocrx_word' id='word_1_152' title='bbox 596 2526 666 2569; x_wconf 93' lang='lat' dir='ltr'>mos</span> <span class='ocrx_word' id='word_1_153' title='bbox 680 2508 789 2567; x_wconf 89' lang='lat' dir='ltr'>tamen</span> <span class='ocrx_word' id='word_1_154' title='bbox 811 2501 968 2587; x_wconf 84' lang='lat' dir='ltr'>gerendus</span> <span class='ocrx_word' id='word_1_155' title='bbox 984 2505 1041 2564; x_wconf 92' lang='lat' dir='ltr'>est.</span> 
     </span>
     <span class='ocr_line' id='line_1_23' title="bbox 142 2588 910 2675; baseline -0.007 -22"><span class='ocrx_word' id='word_1_156' title='bbox 142 2590 231 2675; x_wconf 82' lang='lat' dir='ltr'>Ergo</span> <span class='ocrx_word' id='word_1_157' title='bbox 249 2590 450 2675; x_wconf 87' lang='lat' dir='ltr'>deprecantis</span> <span class='ocrx_word' id='word_1_158' title='bbox 466 2611 523 2653; x_wconf 91' lang='lat' dir='ltr'>oro</span> <span class='ocrx_word' id='word_1_159' title='bbox 540 2590 633 2673; x_wconf 83' lang='lat' dir='ltr'>cinge</span> <span class='ocrx_word' id='word_1_160' title='bbox 647 2588 738 2652; x_wconf 91' lang='lat' dir='ltr'>lauro</span> <span class='ocrx_word' id='word_1_161' title='bbox 755 2592 910 2669; x_wconf 87' lang='lat' dir='ltr'>tempora.</span> 
     </span>
    </p>
   </div>
   <div class='ocr_carea' id='block_1_5' title="bbox 77 2740 1045 3141">
    <p class='ocr_par' dir='ltr' id='par_1_8' title="bbox 77 2740 1045 3141">
     <span class='ocr_line' id='line_1_24' title="bbox 146 2740 1044 2809; baseline -0.009 -16"><span class='ocrx_word' id='word_1_162' title='bbox 146 2744 338 2808; x_wconf 74' lang='lat' dir='ltr'>inscriptiones</span> <span class='ocrx_word' id='word_1_163' title='bbox 356 2744 444 2809; x_wconf 83' lang='lat' dir='ltr'>quibus</span> <span class='ocrx_word' id='word_1_164' title='bbox 461 2746 559 2793; x_wconf 87' lang='lat' dir='ltr'>narneri</span> <span class='ocrx_word' id='word_1_165' title='bbox 575 2758 673 2807; x_wconf 83' lang='lat' dir='ltr'>quoque</span> <span class='ocrx_word' id='word_1_166' title='bbox 690 2743 836 2805; x_wconf 77' lang='lat' dir='ltr'>praepositi</span> <span class='ocrx_word' id='word_1_167' title='bbox 851 2747 909 2789; x_wconf 82' lang='lat' dir='ltr'>sunt</span> <span class='ocrx_word' id='word_1_168' title='bbox 927 2740 979 2787; x_wconf 81' lang='lat' dir='ltr'>alia</span> <span class='ocrx_word' id='word_1_169' title='bbox 992 2753 1044 2785; x_wconf 85' lang='lat' dir='ltr'>ma-</span> 
     </span>
     <span class='ocr_line' id='line_1_25' title="bbox 77 2807 1043 2879; baseline -0.008 -18"><span class='ocrx_word' id='word_1_170' title='bbox 77 2826 139 2868; x_wconf 87' lang='lat' dir='ltr'>nus,</span> <span class='ocrx_word' id='word_1_171' title='bbox 164 2814 250 2861; x_wconf 86' lang='lat' dir='ltr'>eodem</span> <span class='ocrx_word' id='word_1_172' title='bbox 270 2813 337 2873; x_wconf 38' lang='lat' dir='ltr'>scre,</span> <span class='ocrx_word' id='word_1_173' title='bbox 353 2827 401 2879; x_wconf 78' lang='lat' dir='ltr'>quo</span> <span class='ocrx_word' id='word_1_174' title='bbox 428 2810 492 2860; x_wconf 84' lang='lat' dir='ltr'>liber</span> <span class='ocrx_word' id='word_1_175' title='bbox 517 2812 630 2873; x_wconf 86' lang='lat' dir='ltr'>scriptus</span> <span class='ocrx_word' id='word_1_176' title='bbox 657 2817 695 2859; x_wconf 85' lang='lat' dir='ltr'>est</span> <span class='ocrx_word' id='word_1_177' title='bbox 717 2817 842 2871; x_wconf 82' lang='lat' dir='ltr'>ternpore,</span> <span class='ocrx_word' id='word_1_178' title='bbox 868 2807 948 2868; x_wconf 84' lang='lat' dir='ltr'>mapis</span> <span class='ocrx_word' id='word_1_179' title='bbox 970 2808 1043 2865; x_wconf 71' lang='lat' dir='ltr'>niara</span> 
     </span>
     <span class='ocr_line' id='line_1_26' title="bbox 78 2872 1045 2935; baseline -0.01 -8"><span class='ocrx_word' id='word_1_180' title='bbox 78 2886 223 2929; x_wconf 85' lang='lat' dir='ltr'>atramento</span> <span class='ocrx_word' id='word_1_181' title='bbox 246 2879 354 2928; x_wconf 81' lang='lat' dir='ltr'>addidit.</span> <span class='ocrx_word' id='word_1_182' title='bbox 442 2880 455 2925; x_wconf 92' lang='lat'>1</span> <span class='ocrx_word' id='word_1_183' title='bbox 481 2892 544 2927; x_wconf 87' lang='lat' dir='ltr'>ecoe</span> <span class='ocrx_word' id='word_1_184' title='bbox 569 2881 702 2926; x_wconf 84' lang='lat' dir='ltr'>enarrant</span> <span class='ocrx_word' id='word_1_185' title='bbox 728 2881 770 2926; x_wconf 83' lang='lat' dir='ltr'>tot</span> <span class='ocrx_word' id='word_1_186' title='bbox 791 2874 887 2924; x_wconf 80' lang='lat' dir='ltr'>Bueclr.</span> <span class='ocrx_word' id='word_1_187' title='bbox 908 2872 1045 2935; x_wconf 86' lang='lat' dir='ltr'>proposuit</span> 
     </span>
     <span class='ocr_line' id='line_1_27' title="bbox 77 2936 1044 3011; baseline -0.01 -18"><span class='ocrx_word' id='word_1_188' title='bbox 77 2949 93 2993; x_wconf 85' lang='grc'>4</span> <span class='ocrx_word' id='word_1_189' title='bbox 105 2958 170 2994; x_wconf 87' lang='lat' dir='ltr'>rex:</span> <span class='ocrx_word' id='word_1_190' title='bbox 188 2948 275 2995; x_wconf 79' lang='lat' dir='ltr'>eadent</span> <span class='ocrx_word' id='word_1_191' title='bbox 289 2962 339 3011; x_wconf 86' lang='lat' dir='ltr'>qna</span> <span class='ocrx_word' id='word_1_192' title='bbox 350 2946 531 3009; x_wconf 77' lang='lat' dir='ltr'>inscriptiones</span> <span class='ocrx_word' id='word_1_193' title='bbox 543 2946 648 2993; x_wconf 85' lang='lat' dir='ltr'>additae</span> <span class='ocrx_word' id='word_1_194' title='bbox 658 2951 718 2993; x_wconf 84' lang='lat' dir='ltr'>suni</span> <span class='ocrx_word' id='word_1_195' title='bbox 727 2959 801 2992; x_wconf 88' lang='lat' dir='ltr'>manu</span> <span class='ocrx_word' id='word_1_196' title='bbox 813 2944 839 2990; x_wconf 90' lang='lat' dir='ltr'>in</span> <span class='ocrx_word' id='word_1_197' title='bbox 849 2940 963 3001; x_wconf 79' lang='lat' dir='ltr'>marpine</span> <span class='ocrx_word' id='word_1_198' title='bbox 971 2936 1044 2984; x_wconf 81' lang='lat' dir='ltr'>uider</span> 
     </span>
     <span class='ocr_line' id='line_1_28' title="bbox 78 3002 1044 3077; baseline -0.011 -16"><span class='ocrx_word' id='word_1_199' title='bbox 78 3014 227 3062; x_wconf 64' lang='lat' dir='ltr'>adnotatur</span> <span class='ocrx_word' id='word_1_200' title='bbox 250 3028 317 3077; x_wconf 79' lang='lat' dir='ltr'>grex</span> <span class='ocrx_word' id='word_1_201' title='bbox 339 3020 364 3061; x_wconf 90' lang='lat' dir='ltr'>et</span> <span class='ocrx_word' id='word_1_202' title='bbox 386 3014 485 3061; x_wconf 85' lang='lat' dir='ltr'>lineolis</span> <span class='ocrx_word' id='word_1_203' title='bbox 507 3028 560 3061; x_wconf 81' lang='lat' dir='ltr'>curn</span> <span class='ocrx_word' id='word_1_204' title='bbox 580 3018 656 3061; x_wconf 74' lang='lat' dir='ltr'>tenta</span> <span class='ocrx_word' id='word_1_205' title='bbox 677 3012 833 3061; x_wconf 89' lang='lat' dir='ltr'>coniunctum</span> <span class='ocrx_word' id='word_1_206' title='bbox 899 3008 916 3053; x_wconf 87' lang='lat'>5</span> <span class='ocrx_word' id='word_1_207' title='bbox 934 3002 1044 3052; x_wconf 89' lang='lat' dir='ltr'>concin-</span> 
     </span>
     <span class='ocr_line' id='line_1_29' title="bbox 78 3072 1045 3141; baseline -0.006 -14"><span class='ocrx_word' id='word_1_208' title='bbox 78 3084 163 3129; x_wconf 83' lang='lat' dir='ltr'>nante</span> <span class='ocrx_word' id='word_1_209' title='bbox 233 3082 249 3129; x_wconf 83' lang='lat'>6</span> <span class='ocrx_word' id='word_1_210' title='bbox 267 3080 297 3127; x_wconf 89' lang='lat' dir='ltr'>iu</span> <span class='ocrx_word' id='word_1_211' title='bbox 315 3080 378 3139; x_wconf 89' lang='lat' dir='ltr'>mei,</span> <span class='ocrx_word' id='word_1_212' title='bbox 397 3079 507 3128; x_wconf 86' lang='lat' dir='ltr'>Territa</span> <span class='ocrx_word' id='word_1_213' title='bbox 524 3082 686 3141; x_wconf 83' lang='lat' dir='ltr'>corruptelae</span> <span class='ocrx_word' id='word_1_214' title='bbox 701 3082 774 3140; x_wconf 78' lang='lat' dir='ltr'>sipno</span> <span class='ocrx_word' id='word_1_215' title='bbox 791 3076 820 3123; x_wconf 90' lang='lat' dir='ltr'>in</span> <span class='ocrx_word' id='word_1_216' title='bbox 836 3080 862 3123; x_wconf 88' lang='lat' dir='ltr'>et</span> <span class='ocrx_word' id='word_1_217' title='bbox 873 3072 981 3120; x_wconf 79' lang='lat' dir='ltr'>Territa</span> <span class='ocrx_word' id='word_1_218' title='bbox 998 3086 1045 3121; x_wconf 87' lang='lat' dir='ltr'>no·</span> 
     </span>
    </p>
   </div>
   <div class='ocr_carea' id='block_1_6' title="bbox 78 3139 1046 3288">
    <p class='ocr_par' dir='ltr' id='par_1_9' title="bbox 78 3139 1046 3288">
     <span class='ocr_line' id='line_1_30' title="bbox 80 3139 1046 3210; baseline -0.007 -15"><span class='ocrx_word' id='word_1_219' title='bbox 80 3153 135 3195; x_wconf 88' lang='lat' dir='ltr'>tata</span> <span class='ocrx_word' id='word_1_220' title='bbox 152 3154 221 3195; x_wconf 90' lang='lat' dir='ltr'>sunt.</span> <span class='ocrx_word' id='word_1_221' title='bbox 257 3148 423 3210; x_wconf 81' lang='lat' dir='ltr'>perterritas</span> <span class='ocrx_word' id='word_1_222' title='bbox 441 3147 563 3209; x_wconf 84' lang='lat' dir='ltr'>temptaui</span> <span class='ocrx_word' id='word_1_223' title='bbox 580 3147 668 3194; x_wconf 86' lang='lat' dir='ltr'>sensui</span> <span class='ocrx_word' id='word_1_224' title='bbox 683 3146 761 3207; x_wconf 79' lang='lat' dir='ltr'>napis</span> <span class='ocrx_word' id='word_1_225' title='bbox 778 3156 852 3206; x_wconf 84' lang='lat' dir='ltr'>quam</span> <span class='ocrx_word' id='word_1_226' title='bbox 868 3139 930 3206; x_wconf 75' lang='lat' dir='ltr'>libri</span> <span class='ocrx_word' id='word_1_227' title='bbox 943 3139 1046 3188; x_wconf 85' lang='lat' dir='ltr'>indiciis</span> 
     </span>
     <span class='ocr_line' id='line_1_31' title="bbox 78 3206 1045 3288; baseline -0.007 -27"><span class='ocrx_word' id='word_1_228' title='bbox 78 3214 262 3276; x_wconf 71' lang='lat' dir='ltr'>satisfacturus</span> <span class='ocrx_word' id='word_1_229' title='bbox 324 3214 465 3262; x_wconf 81' lang='lat' dir='ltr'>‘tLentas</span> <span class='ocrx_word' id='word_1_230' title='bbox 533 3213 602 3274; x_wconf 79' lang='lat' dir='ltr'>Sof.</span> <span class='ocrx_word' id='word_1_231' title='bbox 620 3210 811 3288; x_wconf 46' lang='lat' dir='ltr'>Horat3epod.</span> <span class='ocrx_word' id='word_1_232' title='bbox 830 3206 894 3256; x_wconf 85' lang='lat' dir='ltr'>XII</span> <span class='ocrx_word' id='word_1_233' title='bbox 909 3208 944 3254; x_wconf 79' lang='lat'>26</span> <span class='ocrx_word' id='word_1_234' title='bbox 1013 3206 1045 3255; x_wconf 88' lang='grc'>10</span> 
     </span>
    </p>
   </div>
   <div class='ocr_carea' id='block_1_7' title="bbox 79 3289 1047 3563">
    <p class='ocr_par' dir='ltr' id='par_1_10' title="bbox 79 3289 1047 3563">
     <span class='ocr_line' id='line_1_32' title="bbox 79 3289 1045 3359; baseline -0.009 -14"><span class='ocrx_word' id='word_1_235' title='bbox 79 3296 157 3345; x_wconf 81' lang='lat' dir='ltr'>Artis</span> <span class='ocrx_word' id='word_1_236' title='bbox 180 3312 214 3345; x_wconf 84' lang='lat' dir='ltr'>ex</span> <span class='ocrx_word' id='word_1_237' title='bbox 237 3314 306 3347; x_wconf 83' lang='lat' dir='ltr'>corr.</span> <span class='ocrx_word' id='word_1_238' title='bbox 324 3296 421 3347; x_wconf 75' lang='lat' dir='ltr'>Bacch.</span> <span class='ocrx_word' id='word_1_239' title='bbox 490 3296 523 3343; x_wconf 85' lang='lat'>11</span> <span class='ocrx_word' id='word_1_240' title='bbox 548 3295 615 3359; x_wconf 71' lang='lat' dir='ltr'>celis</span> <span class='ocrx_word' id='word_1_241' title='bbox 634 3299 742 3357; x_wconf 78' lang='lat' dir='ltr'>museta</span> <span class='ocrx_word' id='word_1_242' title='bbox 759 3308 828 3341; x_wconf 86' lang='lat' dir='ltr'>corr.</span> <span class='ocrx_word' id='word_1_243' title='bbox 845 3290 943 3339; x_wconf 76' lang='lat' dir='ltr'>Bacch.</span> <span class='ocrx_word' id='word_1_244' title='bbox 1013 3289 1045 3337; x_wconf 78' lang='lat'>12</span> 
     </span>
     <span class='ocr_line' id='line_1_33' title="bbox 79 3356 1046 3429; baseline -0.005 -18"><span class='ocrx_word' id='word_1_245' title='bbox 79 3369 160 3425; x_wconf 85' lang='lat' dir='ltr'>pater</span> <span class='ocrx_word' id='word_1_246' title='bbox 182 3360 210 3429; x_wconf 88' lang='lat' dir='ltr'>o]</span> <span class='ocrx_word' id='word_1_247' title='bbox 236 3364 346 3428; x_wconf 86' lang='lat' dir='ltr'>patriae</span> <span class='ocrx_word' id='word_1_248' title='bbox 369 3364 503 3427; x_wconf 86' lang='lat' dir='ltr'>temptauit</span> <span class='ocrx_word' id='word_1_249' title='bbox 524 3362 613 3411; x_wconf 75' lang='lat' dir='ltr'>Bucen</span> <span class='ocrx_word' id='word_1_250' title='bbox 632 3358 637 3424; x_wconf 89' lang='grc' dir='ltr'>Ι</span> <span class='ocrx_word' id='word_1_251' title='bbox 657 3361 739 3410; x_wconf 84' lang='lat' dir='ltr'>aliter</span> <span class='ocrx_word' id='word_1_252' title='bbox 760 3376 828 3410; x_wconf 89' lang='lat' dir='ltr'>corr.</span> <span class='ocrx_word' id='word_1_253' title='bbox 847 3357 943 3407; x_wconf 71' lang='lat' dir='ltr'>Buccis.</span> <span class='ocrx_word' id='word_1_254' title='bbox 1013 3356 1046 3406; x_wconf 90' lang='lat'>18</span> 
     </span>
     <span class='ocr_line' id='line_1_34' title="bbox 82 3421 1047 3495; baseline -0.008 -16"><span class='ocrx_word' id='word_1_255' title='bbox 82 3431 173 3479; x_wconf 85' lang='lat' dir='ltr'>Antea</span> <span class='ocrx_word' id='word_1_256' title='bbox 226 3434 258 3481; x_wconf 88' lang='grc'>19</span> <span class='ocrx_word' id='word_1_257' title='bbox 276 3437 326 3481; x_wconf 84' lang='lat' dir='ltr'>tua</span> <span class='ocrx_word' id='word_1_258' title='bbox 340 3428 628 3495; x_wconf 64' lang='lat' dir='ltr'>quiricecorrssuecn.</span> <span class='ocrx_word' id='word_1_259' title='bbox 680 3430 714 3478; x_wconf 79' lang='lat'>20</span> <span class='ocrx_word' id='word_1_260' title='bbox 726 3444 788 3477; x_wconf 83' lang='lat' dir='ltr'>mox</span> <span class='ocrx_word' id='word_1_261' title='bbox 804 3431 896 3475; x_wconf 82' lang='lat' dir='ltr'>tamen</span> <span class='ocrx_word' id='word_1_262' title='bbox 908 3421 1047 3489; x_wconf 82' lang='lat' dir='ltr'>genendus</span> 
     </span>
     <span class='ocr_line' id='line_1_35' title="bbox 81 3492 912 3563; baseline -0.005 -19"><span class='ocrx_word' id='word_1_263' title='bbox 81 3502 123 3545; x_wconf 81' lang='lat' dir='ltr'>est</span> <span class='ocrx_word' id='word_1_264' title='bbox 141 3502 306 3562; x_wconf 80' lang='lat' dir='ltr'>corruptelae</span> <span class='ocrx_word' id='word_1_265' title='bbox 323 3504 396 3563; x_wconf 79' lang='lat' dir='ltr'>sipno</span> <span class='ocrx_word' id='word_1_266' title='bbox 415 3498 556 3563; x_wconf 79' lang='lat' dir='ltr'>genardus</span> <span class='ocrx_word' id='word_1_267' title='bbox 574 3501 694 3547; x_wconf 80' lang='lat' dir='ltr'>notatam.</span> <span class='ocrx_word' id='word_1_268' title='bbox 730 3511 798 3546; x_wconf 87' lang='lat' dir='ltr'>corr.</span> <span class='ocrx_word' id='word_1_269' title='bbox 815 3492 912 3542; x_wconf 77' lang='lat' dir='ltr'>Buecd.</span> 
     </span>
    </p>
   </div>
   <div class='ocr_carea' id='block_1_8' title="bbox 129 3580 839 3631">
    <p class='ocr_par' dir='ltr' id='par_1_11' title="bbox 129 3580 839 3631">
     <span class='ocr_line' id='line_1_36' title="bbox 129 3580 839 3631; baseline -0.006 -4"><span class='ocrx_word' id='word_1_270' title='bbox 129 3588 266 3629; x_wconf 73' lang='lat' dir='ltr'>Draconem</span> <span class='ocrx_word' id='word_1_271' title='bbox 279 3590 391 3631; x_wconf 79' lang='lat' dir='ltr'>carmina,</span> <span class='ocrx_word' id='word_1_272' title='bbox 826 3580 839 3623; x_wconf 95' lang='lat' dir='ltr'>l</span> 
     </span>
    </p>
   </div>
   <div class='ocr_carea' id='block_1_9' title="bbox 0 0 1270 3917">
    <p class='ocr_par' dir='ltr' id='par_1_12' title="bbox 0 0 1270 3917">
     <span class='ocr_line' id='line_1_37' title="bbox 0 0 1270 3917; baseline 0 0"><span class='ocrx_word' id='word_1_273' title='bbox 0 0 1270 3917; x_wconf 95' lang='lat' dir='ltr'> </span> 
     </span>
    </p>
   </div>
  </div>
 </body>
</html>
