2500 3917
499 240 524 290 x
542 240 677 291 crs-reo
1029 239 1070 303 75

170 388 308 453 Dixerat
322 392 355 451 et
369 393 456 453 terra
469 388 639 471 strepitum
652 388 857 453 tremibunda
872 388 990 471 ciebat,

170 473 242 550 Quo
259 476 391 537 steterat
404 472 519 537 Medea
531 471 604 536 loco
619 473 743 536 telluris
758 472 848 536 hiatu

170 557 330 621 Finditur.
359 557 516 621 attonitas
530 556 667 621 inclinat
682 556 804 621 cautior
819 576 911 620 aures

169 642 215 706 Et
229 662 365 725 surgens
380 640 562 704 ‘audimur’
577 641 625 704 ait
639 646 732 703 ‘nam
749 644 836 704 terra
849 640 1025 721 tremescit,

99 738 155 789 465
169 724 314 790 Uerbera
331 724 542 809 plaudentum
555 728 709 789 resonant
722 726 890 807 perinane
906 745 1068 808 sororum,

170 809 272 874 Sibila
286 810 425 893 uipereis
440 809 571 872 uibrant
584 809 643 872 sub
659 808 807 873 dentibus
822 829 952 893 angues.

168 893 234 958 Res
248 895 365 958 melior
377 897 568 976 tempusque
583 896 694 956 111111
708 892 856 957 redeatur
870 893 911 957 ad
925 893 1053 976 urbem,

170 981 258 1041 Ante
272 982 382 1042 tamen
396 978 496 1041 fluuio
513 998 627 1059 corpus
642 981 807 1061 mergatur
821 980 854 1040 et
867 975 989 1039 undis:

171 1061 264 1136 Quod
278 1083 374 1147 maga
388 1061 570 1145 digrediens
584 1082 660 1125 mox
672 1062 798 1144 perficit
808 1064 841 1124 et
853 1061 936 1143 petit
946 1060 1068 1125 urbem.

102 1160 157 1209 470
169 1146 271 1211 Exilit
284 1147 409 1210 interea
423 1143 565 1208 te'cturus
580 1144 711 1209 Lucifer
724 1148 810 1208 astra

171 1230 314 1295 Puniceo
329 1234 503 1313 prouectus
518 1250 601 1311 equo
617 1230 795 1311 rutilasque
811 1224 995 1311 micansque

173 1314 337 1380 Concusso
353 1314 390 1377 de
406 1314 494 1377 crine
509 1313 602 1376 iubar
617 1311 767 1376 diffundit
781 1312 816 1375 in
832 1312 941 1376 orbem

170 1398 380 1483 Flammigeri
395 1419 503 1461 roseas
518 1396 711 1480 praecedens
726 1396 803 1460 solis
818 1395 952 1458 abenas:

173 1482 332 1565 Coeperat
346 1482 420 1545 aula
435 1481 524 1544 ducis
538 1482 675 1563 strepitu
689 1500 839 1544 resonare
855 1479 1017 1542 clientum.

105 1567 240 1631 4151111
255 1566 407 1631 Phoebus
422 1565 596 1629 scandebat
610 1586 710 1647 equos
725 1564 841 1627 111111
856 1563 992 1627 rubebat

171 1651 251 1716 Post
265 1654 394 1714 noctem
408 1653 546 1713 uentura
560 1648 642 1732 dies,
657 1650 722 1712 iam
736 1651 821 1712 tecta
836 1646 984 1711 Creontis

169 1735 219 1799 Re
246 1735 315 1798 'bus
329 1734 521 1817 implentur,
537 1734 601 1796 iam
615 1733 763 1816 proxima
773 1733 870 1816 uirgo
885 1732 1001 1795 marito

171 1756 304 1885 &Crat
318 1822 351 1882 et
364 1818 490 1881 tabulas
505 1817 627 1881 calamo
642 1816 787 1879 sulcabat
799 1816 906 1879 Iason.

171 1902 397 1967 ‘Conuentum
411 1905 621 1984 pactumque'
636 1903 731 1965 sonat
746 1900 888 1983 ‘signate
903 1898 1054 1962 tabellas’

101 2001 158 2051 480
167 1986 310 2051 Horrida
323 1986 477 2049 Tartareo
492 1985 626 2048 ueniens
642 1983 680 2047 de
695 1983 822 2067 gurgite
839 1982 930 2065 uirgo

170 2072 349 2155 Tisiphone
365 2070 557 2153 signumque
572 2068 691 2151 premit
705 2067 816 2151 ganisa
831 2065 994 2150 Megaera,

170 2156 301 2219 Allecto
315 2155 407 2218 testis
422 2174 510 2217 ceras
525 2153 693 2216 adamante
707 2150 850 2232 notauit,
1083 2171 1115 2219 [p.
1129 2168 1163 2218 se]

171 2240 345 2323 Anguibus
360 2236 530 2301 horrendis
544 2258 603 2319 per
616 2236 706 2319 regia
720 2238 806 2306 tecta
819 2234 995 2319 flagellant.

169 2323 301 2388 Interea
316 2321 431 2386 Medea
443 2342 565 2386 nouam
579 2320 719 2383 formare
734 2340 887 2382 coronam

102 2420 159 2469 485
172 2407 333 2490 Coeperat
347 2412 380 2469 et
392 2405 497 2469 niueis
512 2404 668 2467 miscebat
685 2401 840 2485 sulphura
854 2401 950 2464 ceris:

171 2492 234 2555 Pix
248 2494 281 2554 et
296 2494 413 2573 stuppa
427 2489 523 2572 ligat,
539 2488 661 2570 species
677 2486 731 2550 dat
746 2487 899 2568 quattuor
912 2484 990 2547 artis

170 2575 319 2639 Mascula
331 2578 405 2637 tura
419 2594 579 2653 cremans,
595 2570 696 2635 sterili
711 2568 820 2633 suffire
836 2589 985 2651 cypresso
1063 2558 1074 2578 ⁸

172 2659 259 2723 Cura
274 2658 338 2721 fuit
352 2677 513 2741 cyproque
528 2655 609 2739 ligat
624 2653 710 2738 quod
725 2652 883 2738 naufraga
896 2653 1014 2735 puppis

170 2742 373 2823 Perdiderat,
389 2741 521 2804 cristata
533 2761 648 2803 manus
663 2738 786 2803 sancire
801 2738 943 2820 iubetur,

101 2840 160 2887 490
170 2826 330 2890 Lambere
344 2824 498 2890 caeruleis
511 2824 658 2907 permisit
672 2826 757 2887 serta
771 2821 909 2886 cerastis.

173 3049 226 3096 461
254 3038 374 3111 spatium
397 3061 466 3097 corr.
488 3044 584 3094 Bacch.
670 3044 719 3092 462
742 3042 835 3091 hiatus
858 3042 892 3101 es.
916 3032 1071 3091 01111473

96 3114 260 3165 46611111
324 3114 374 3163 466
393 3112 490 3175 Sibyla
548 3113 597 3160 471
617 3116 763 3175 preuectus
781 3108 959 3162 constiteris.
1021 3108 1071 3158 472

96 3184 132 3232 ni
204 3184 257 3233 475
278 3181 375 3230 ruebat
391 3196 460 3231 corr.
478 3179 575 3231 Bueclr.
647 3178 697 3228 479
716 3176 885 3227 Conuectum
903 3191 919 3239 p
935 3172 939 3239 l
955 3173 1070 3236 sonant!

96 3251 201 3313 signat
222 3264 291 3298 corr.
310 3248 407 3297 Bacch.
427 3254 489 3311 post
513 3248 607 3309 signat
623 3262 690 3295 crux
712 3245 817 3308 appium
839 3250 878 3292 est
901 3259 966 3307 quus
985 3245 1073 3293 eodem

95 3324 164 3366 ante
183 3331 286 3366 uersum
298 3316 456 3378 conspicitur
505 3316 554 3364 481
573 3312 729 3377 Tesiphone
781 3308 972 3361 482A11ect0s
1021 3312 1074 3361 484

95 3391 164 3433 ante
189 3398 321 3434 coronam
343 3384 435 3431 literae
454 3382 645 3444 conspiciuntur
666 3395 702 3430 no
726 3381 774 3429 sed
798 3386 943 3443 expunctae
1024 3380 1074 3428 487

94 3450 296 3501 8111111111ἰί
315 3452 419 3499 cremat
478 3450 529 3498 488
544 3447 730 3509 [1111111111
745 3445 749 3512 Ι
765 3452 824 3497 onte
842 3447 940 3510 puppis
959 3448 1074 3509 leguntur

94 3532 193 3583 cypus
210 3520 260 3568 sed
275 3522 407 3581 expuncta
