2500 3917
169 225 212 289 58
516 227 793 279 DELIBERATIUA

172 389 221 438 195
235 376 401 442 Mentibus
416 376 571 442 adsciscat
584 378 761 441 uenerandi
775 380 853 443 uota
889 379 1020 442 arentis.

234 461 266 524 N
267 484 319 526 am
333 462 462 547 genitor
476 461 592 526 Peleus
606 462 727 526 laetum
741 466 816 545 post
829 400 915 526 bella
929 462 1039 526 uidere

233 545 279 611 Te
294 547 393 629 cupit,
409 550 442 609 et
455 546 564 611 senior
577 545 777 632 Lycomedes
792 545 944 632 coniugis
954 550 1069 612 auctor

233 630 377 714 Exoptat
390 630 499 695 reduci
513 630 657 715 gaudens
672 631 786 694 offerre
803 634 965 713 nepotem.

233 714 422 779 Planctibus
437 714 680 779 Andromaches
701 734 759 779 ceu
774 736 925 799 praesens
945 714 1066 779 blanda
1080 736 1142 798 pu-

882 801 969 863 tetur

171 895 223 944 200
236 881 407 947 Deidamia
420 883 517 947 simul
532 904 613 967 quae
629 881 744 947 sollers
758 887 853 947 nocte
869 883 983 966 dieque

235 965 346 1032 Mente
362 968 463 1031 oculis
478 970 603 1031 attenta
617 967 717 1049 uolat,
732 988 808 1030 nam
823 966 973 1031 fluctibus
988 968 1067 1031 atris

234 1050 376 1115 Carbasa
390 1052 495 1134 prima
509 1050 623 1115 uidens
637 1051 746 1114 nautis
761 1051 902 1115 occurrit
915 1052 951 1115 in
965 1051 1060 1115 undis

232 1134 426 1218 Perquirens
441 1136 470 1199 si
483 1134 582 1199 Troia
595 1135 670 1216 ruit,
685 1135 713 1199 si
728 1134 869 1199 concidit
881 1134 1004 1201 Hector
1099 1211 1101 1217 Ι

80 1232 112 1281 [r-
136 1234 170 1283 14]
243 1218 389 1285 Sollicita
402 1240 498 1302 quem
512 1224 620 1285 mente
633 1219 735 1301 timet,
749 1222 782 1283 te
796 1220 920 1303 plectra
932 1223 1102 1284 tenentem

170 1319 220 1369 205
236 1306 344 1388 Atque
359 1304 478 1367 iterum
492 1304 626 1369 blandas
641 1302 777 1367 iuuenili
791 1303 909 1386 pollice
924 1303 1060 1369 chordas

234 1389 436 1473 Tangentem
450 1388 581 1453 laudare
596 1388 686 1472 cupit
700 1387 754 1451 uel
770 1387 901 1451 brachia
914 1387 998 1452 eollo

234 1472 372 1538 Nectere
387 1473 550 1537 mellifluis
564 1473 744 1557 adiungens
759 1471 868 1536 oscula
882 1470 991 1535 labris.

233 1556 369 1621 Hecuba
382 1561 505 1634 maesta
518 1578 651 1642 gemens
666 1560 699 1620 et
712 1577 810 1620 canos
824 1555 958 1639 puluere
973 1555 1115 1621 foedans

235 1641 351 1705 Omine
365 1662 434 1704 non
448 1641 506 1704 tali
521 1645 658 1705 matrem
672 1644 855 1723 praesentet
868 1641 909 1704 ab
924 1640 1019 1703 undis

169 1739 221 1787 210
235 1724 339 1790 Corde
352 1728 410 1788 tuo
425 1725 542 1807 pietas:
565 1725 642 1788 licet
655 1724 735 1789 haec
749 1724 899 1789 mortalia
913 1724 984 1789 fata

232 1809 272 1873 In
287 1830 321 1873 se
335 1808 426 1872 nulla
440 1808 549 1892 timet,
564 1812 674 1873 tamen
689 1809 768 1873 haec
783 1812 824 1891 te,
840 1808 935 1873 fortis
951 1808 1109 1893 Achilles,

233 1893 405 1957 Mortalem
420 1893 569 1977 genuisse
585 1892 681 1957 dolet.
711 1892 807 1975 haec,
823 1914 960 1975 summe,
975 1896 1121 1957 retracta

231 1978 276 2043 Et
291 1978 418 2042 ueniam
435 1978 553 2063 largire
567 1977 649 2061 pius.
680 1977 709 2041 si
723 1998 824 2059 parua
838 1980 1002 2060 putantur,

233 2062 298 2126 Fac
312 2062 463 2143 pretium,
478 2063 593 2144 uictor,
609 2060 919 2146 generosum-nenda
933 2060 1080 2126 cadauer.

170 2157 221 2205 215
236 2143 404 2209 Uendatur
419 2166 476 2208 eeu
491 2146 586 2209 uiuus
601 2144 707 2209 adhuc
721 2167 781 2209 nec
796 2166 928 2209 munere
943 2164 1057 2228 perun,

235 2227 298 2293 Sed
313 2232 431 2293 ueneat
444 2232 535 2293 tanto
551 2232 673 2311 quanto
688 2230 878 2313 pensabitur
891 2228 1022 2293 Hector.

233 2311 307 2378 Hoc
321 2314 428 2396 placet
441 2317 479 2377 ut
492 2313 587 2377 fortis
601 2313 758 2377 habeatur
772 2313 877 2377 iudice
891 2313 976 2377 bello

234 2397 324 2462 Mors
338 2397 480 2481 pretiosa
494 2397 566 2462 uiri.
597 2408 730 2461 cunctos
744 2397 885 2461 hortaris
900 2398 935 2461 in
950 2396 1089 2480 hostem,

235 2480 352 2547 Sinon
367 2483 442 2547 uilis
457 2483 519 2546 erit
532 2482 667 2547 ueniens
683 2502 813 2545 occasus
829 2482 864 2545 in
879 2481 984 2545 armis·

135 2574 138 2580 '
170 2577 222 2626 220
237 2565 300 2641 Qui
314 2588 348 2630 se
363 2566 541 2649 despiciens
557 2566 644 2630 ciues
660 2565 771 2630 dilexit
786 2569 818 2630 et
832 2565 953 2644 urbem.

232 2648 434 2713 Dardanides
449 2649 610 2733 dependat
624 2671 710 2735 opes,
727 2650 782 2713 det
795 2670 914 2734 magna
926 2649 1064 2713 talenta:

231 2736 399 2816 Astyanax
414 2738 517 2817 egeat,
532 2734 680 2799 Priamus
694 2733 856 2798 mendicet
871 2737 904 2798 et
918 2755 1029 2798 omnes

232 2816 351 2882 Infelix
365 2839 447 2900 quos
461 2817 560 2882 Troia
574 2818 669 2901 capit.
695 2817 774 2883 haec
788 2840 895 2902 poena
908 2817 1053 2883 manebit

237 2973 285 3022 196
307 2971 395 3022 letum
465 2974 513 3023 198
535 2972 621 3022 offere
692 2975 740 3023 199
764 2988 814 3023 ceu
837 2988 951 3037 presens
973 2972 1060 3023 bland
1079 2986 1147 3021 ma-

167 3030 224 3091 ritu'
241 3042 290 3090 sed
305 3042 331 3090 in
349 3043 462 3104 mergite
475 3042 622 3090 adnotatam
634 3043 706 3090 uides
725 3045 839 3104 putatur
857 3056 925 3091 corr.
937 3039 1032 3093 Bacch.
1087 3041 1144 3089 201

167 3107 255 3155 uiclat
278 3106 374 3157 Bueclr.
396 3109 531 3172 proposuit
558 3105 563 3173 Ι
587 3108 651 3170 fort.
671 3108 736 3157 altis
822 3110 872 3157 202
895 3107 994 3157 animis
1015 3106 1148 3155 occurrit

167 3174 260 3222 nautis
279 3178 410 3238 temptarat
428 3175 525 3226 Bacch.
594 3176 644 3225 205
668 3174 765 3225 cordas
835 3176 887 3225 206
906 3180 934 3225 et
950 3190 1019 3224 corr.
1037 3172 1145 3227 Bacch.

201 3240 251 3289 207
269 3240 406 3305 adiunges
474 3242 524 3293 208
542 3241 638 3292 Ecuba
653 3240 658 3305 1
673 3241 769 3307 pluere
838 3244 888 3291 211
907 3242 1005 3293 timent
1017 3256 1088 3291 corr.
1102 3255 1147 3291 ex

166 3307 267 3357 timens
335 3310 385 3358 212
404 3309 457 3359 hoc
475 3309 655 3360 corr.Baec}a
725 3310 775 3358 214
793 3312 900 3373 pratum
970 3310 1020 3359 216
1039 3307 1147 3358 ueniat

165 3389 217 3424 non
242 3375 317 3424 uideo
342 3392 390 3439 qao
417 3374 470 3427 allo
497 3380 570 3428 modo
596 3378 713 3441 cornipes
739 3382 744 3441 Ι
771 3380 879 3427 tantum
906 3380 1040 3441 quantum
1066 3390 1146 3426 corr.

166 3441 263 3491 Buecla
331 3443 382 3490 218
399 3442 478 3491 Meis.
538 3446 588 3495 219
607 3458 723 3493 occasus
746 3458 815 3493 corr.
834 3459 870 3493 ea
887 3458 1016 3494 occasum
1085 3444 1146 3493 222

164 3508 303 3557 Astianax
371 3510 421 3557 223
441 3508 579 3572 infoelix!
598 3515 626 3558 et
643 3526 711 3563 corr.
732 3510 827 3563 Bacch.
